2784 3992
510 316 611 387 v.]
978 318 1087 370 DE
1140 318 1435 376 RERUM
1488 318 1833 374 NATURA
2202 308 2315 385 165

510 456 919 555 saetigerisque
947 497 1116 554 pares
1144 480 1313 538 subu’
1342 480 1427 537 sic
1456 480 1733 538 silvestria
1759 480 2023 539 membra
2219 502 2320 553 970

508 570 665 629 nuda
694 570 913 628 dabant
940 579 1125 627 terrae
1153 578 1444 627 nocturno
1473 581 1737 645 tempore
1767 572 1946 646 capti,
2007 588 2014 595 ·

510 661 727 718 circum
756 679 818 719 se
849 661 995 718 foliis
1023 679 1093 717 ac
1122 660 1424 719 frondibus
1453 662 1830 719 involventeS.

509 769 620 808 nec
646 750 926 825 plangore
954 749 1111 809 diem
1142 769 1358 825 magno
1388 751 1692 826 solemque
1721 769 1826 826 per
1853 770 2022 826 agros

509 840 863 915 quaerebant
890 839 1089 915 pavidi
1117 841 1379 915 palantes
1409 842 1600 899 noctis
1628 842 1688 898 in
1719 842 1954 914 umbriS,

508 930 611 989 sed
638 932 798 989 taciti
824 932 1233 1005 respectabant
1261 948 1590 1006 somnoque
1619 932 1846 1006 sepulti,
2219 952 2315 1005 975

508 1022 648 1081 dum
674 1040 847 1079 rosea
872 1023 999 1080 face
1029 1021 1116 1079 sol
1144 1021 1377 1079 inferret
1403 1022 1626 1079 lumina
1654 1022 1838 1081 cae10.

505 1132 542 1171 a
568 1114 755 1187 parvis
784 1111 948 1187 quod
976 1113 1131 1170 enim
1162 1121 1515 1169 consuerant
1542 1129 1778 1169 cernere
1809 1129 2044 1187 semper

506 1204 724 1261 alterno
752 1203 1022 1261 tenebras
1049 1210 1108 1260 et
1136 1202 1330 1259 lucem
1358 1211 1626 1277 tempore
1655 1203 1832 1278 gigni,

504 1312 625 1352 non
656 1303 777 1352 erat
808 1302 873 1351 ut
901 1293 1024 1351 fieri
1052 1301 1255 1368 posset
1282 1293 1540 1351 mirarier
1565 1309 1850 1367 umquam

504 1403 615 1443 nec
649 1383 916 1442 diffidere
943 1401 1019 1441 ne
1049 1392 1227 1441 terras
1255 1392 1494 1441 aeterna
1521 1392 1747 1442 teneret
2218 1392 2318 1457 980

505 1492 625 1533 nox
654 1474 715 1531 in
742 1482 1094 1548 perpetuum
1123 1472 1387 1531 detracto
1417 1473 1635 1532 lumine
1664 1473 1820 1533 solis·

508 1564 613 1623 sed
641 1564 825 1639 magis
856 1562 997 1621 illud
1026 1572 1148 1621 erat
1176 1582 1369 1636 curae,
1399 1563 1565 1638 quod
1592 1564 1784 1622 saecla
1811 1565 2061 1621 ferarum

502 1656 767 1714 infestam
797 1654 1019 1712 miseris
1046 1654 1337 1712 faciebant
1365 1672 1542 1729 saepe
1571 1654 1848 1727 quietem.

502 1748 790 1822 eiectique
820 1745 1003 1804 domo
1031 1745 1329 1820 fugiebant
1356 1763 1532 1802 saxea
1559 1754 1718 1802 tecta

502 1837 820 1914 spumigeri
848 1836 965 1895 suis
992 1834 1247 1893 adventu
1274 1834 1520 1893 validive
1549 1834 1736 1893 leonis
2219 1842 2318 1907 985

501 1941 675 2006 atque
707 1932 1058 2002 intempesta
1084 1924 1377 1983 cedebant
1404 1936 1581 1983 nocte
1610 1935 1890 2000 paventes

502 2020 825 2096 hospitibus
854 2017 1037 2076 saevis
1065 2018 1301 2074 instrata
1329 2016 1540 2074 cubilia
1566 2015 1792 2075 fronde.

580 2112 715 2169 Nec
745 2110 927 2168 nimio
955 2118 1079 2165 tum
1105 2107 1235 2181 plus
1264 2125 1444 2181 quam
1473 2125 1632 2164 nunc
1663 2108 1924 2165 mortalia
1952 2107 2146 2165 saecla

502 2200 695 2259 dulcia
720 2200 1063 2276 linquebant
1091 2198 1335 2256 labentis
1363 2198 1585 2255 lumina
1612 2199 1781 2256 vitae.

502 2310 649 2350 unus
678 2292 837 2349 enim
864 2301 989 2349 tum
1019 2290 1267 2364 quisque
1296 2288 1480 2363 magis
1511 2287 1834 2362 deprensus
1863 2306 2068 2347 eorum
2216 2310 2318 2361 990

446 2448 453 2454 ,
501 2383 713 2458 pabula
737 2382 869 2440 viva
892 2381 1027 2439 feris
1055 2378 1391 2455 praebebat,
1422 2378 1696 2436 dentibus
1725 2378 1981 2451 haustus,

502 2483 561 2531 et
588 2491 833 2531 nemora
860 2490 931 2529 ac
959 2471 1177 2529 montis
1205 2470 1426 2545 gemitu
1455 2469 1741 2543 silvasque
1769 2469 2031 2543 replebat

502 2564 630 2621 viva
658 2562 864 2621 videns
891 2562 1022 2620 vivo
1054 2562 1283 2637 sepeliri
1310 2561 1533 2617 viscera
1559 2558 1752 2617 busto,

501 2663 561 2712 at
592 2672 742 2728 quos
772 2652 1047 2727 effugium
1077 2660 1327 2710 servarat
1356 2667 1602 2725 corpore
1633 2647 1834 2721 adeSO,

500 2745 787 2818 posterius
814 2743 1087 2803 tremulas
1114 2760 1289 2817 super
1316 2742 1512 2799 ulcera
1538 2748 1722 2798 taetra
1748 2748 2018 2797 tenentes
2221 2756 2316 2811 995

504 2835 725 2911 palmas
754 2833 1041 2891 horriferis
1070 2833 1342 2890 accibant
1370 2832 1616 2890 vocibus
1647 2829 1888 2901 Orcum,

504 2924 762 2999 donique
792 2942 895 2982 eos
924 2924 1040 2981 vita
1067 2923 1355 2997 privarant
1382 2921 1644 2979 vermina
1670 2938 1842 2979 saeva

504 3016 754 3091 expertis
783 3014 929 3089 opis,
962 3015 1190 3090 ignaros
1219 3011 1362 3091 quid
1391 3012 1631 3070 volnera
1657 3010 1888 3070 vellent.

502 3116 561 3165 at
588 3124 711 3165 non
738 3098 1131 3163 multa'virum
1159 3104 1267 3162 sub
1296 3104 1472 3181 signis
1501 3102 1661 3159 milia
1689 3101 1870 3160 ducta

501 3216 619 3255 una
648 3196 775 3255 dies
804 3196 981 3255 dabat
1010 3194 1186 3253 exitio
1215 3211 1327 3251 nec
1356 3191 1588 3253 turbida
1614 3193 1784 3267 ponti
2191 3210 2317 3246 1000

500 3306 760 3364 aequora
785 3287 1058 3363 fligebant
1086 3286 1245 3343 navis
1274 3282 1351 3341 ad
1380 3302 1520 3341 saxa
1546 3283 1836 3358 virosque.

502 3380 599 3439 hic
626 3387 846 3437 temere
875 3378 935 3435 in
964 3394 1194 3435 cassum
1223 3376 1427 3432 frustra
1455 3392 1612 3431 mare
1643 3392 1819 3449 saepe
1849 3382 2117 3433 coortum

498 3470 760 3532 saevibat
786 3468 1102 3542 leviterque
1132 3467 1315 3524 minas
1343 3465 1604 3540 ponebat
1631 3464 1836 3537 inaniS‚

498 3580 618 3621 nec
644 3570 873 3638 poterat
900 3576 1258 3637 quemquam
1287 3555 1504 3633 placidi
1533 3555 1780 3632 pellacia
1804 3555 1972 3629 ponti
