2784 3992
472 344 616 417 ΙΙῙ.]
640 384 653 396 .
950 348 1061 399 DE
1112 348 1404 401 RERUM
1458 347 1804 401 NATURA
2197 336 2273 413 85

472 509 655 567 omnis
683 519 741 567 et
768 508 915 567 haec
943 508 1073 582 ipso
1102 527 1238 566 cum
1266 526 1513 584 corpore
1543 510 1939 568 conlabefiunt
1957 530 1977 583 ς
2184 517 2280 582 585

467 610 529 657 ut
556 600 781 675 gravior
806 599 981 674 paulo
1010 600 1193 674 possit
1220 598 1533 657 dissolvere
1563 618 1756 658 causa.

467 689 609 764 quid
637 689 867 749 dubitas
894 689 1135 747 tandem
1163 692 1305 765 quin
1335 699 1497 748 extra
1523 690 1754 766 prodita
1782 709 2056 781 corpus

466 781 736 839 inbecilla
763 780 957 838 foras
941 800 1002 837 1n
1031 790 1252 855 apert0‚
1282 782 1541 855 tegmine
1570 780 1837 856 dempt0‚

465 890 586 930 non
614 870 797 929 modo
826 889 947 929 non
976 889 1215 929 omnem
1242 873 1428 946 possit
1455 871 1662 930 durare
1691 891 1798 948 per
1825 891 2052 943 aevom,

466 962 572 1020 sed
600 962 906 1020 minimum
934 962 1182 1037 quodvis
1211 971 1468 1037 nequeat
1497 963 1813 1021 consistere
1844 964 2118 1039 tempus?
2185 982 2284 1036 590

466 1071 641 1128 quare
672 1053 847 1111 etiam
876 1063 1052 1127 atque
1083 1053 1258 1111 etiam
1286 1054 1543 1111 resoluto
1572 1054 1833 1128 corporis
1863 1054 2025 1111 omni

466 1144 721 1218 tegmine
744 1153 810 1200 et
839 1144 1038 1201 eiectis
1066 1152 1228 1201 extra
1255 1144 1522 1202 vitalibus
1551 1144 1704 1202 auris

469 1236 710 1293 dissolui
738 1253 941 1293 sensus
969 1236 1149 1293 animi
1177 1236 1390 1294 fateare
1419 1244 1718 1295 necessest

465 1336 639 1401 atque
668 1326 944 1397 animam,
974 1326 1254 1400 quoniam
1283 1327 1654 1385 coniunctast
1682 1344 1860 1385 causa
1889 1325 2140 1385 duobuS.

545 1410 819 1491 Denique
849 1434 984 1474 cum
1013 1434 1227 1492 corpus
1256 1427 1514 1491 nequeat
1541 1418 1795 1492 perferre
1823 1417 2038 1475 animai
2181 1436 2274 1490 595
2377 1466 2384 1474 .

464 1506 777 1566 discidium
807 1507 948 1581 quin
976 1508 1037 1564 in
1064 1517 1249 1565 taetro
1279 1508 1541 1566 tabescat
1568 1507 1773 1579 odore,

464 1596 607 1672 quid
636 1596 867 1655 dubitas
897 1599 1040 1672 quin
1068 1615 1141 1655 ex
1169 1599 1290 1655 imo
1319 1599 1670 1673 penitusque
1700 1606 1904 1657 coorta

466 1689 748 1747 emanarit
775 1688 859 1745 uti
886 1687 1078 1746 fumus
1107 1688 1317 1746 diffusa
1343 1690 1573 1748 animae
1602 1689 1707 1761 viS,

461 1789 639 1853 atque
670 1776 807 1835 ideo
836 1787 997 1835 tanta
1024 1788 1311 1836 mutatum
1338 1788 1507 1854 putre
1536 1780 1704 1837 ruina

461 1868 789 1927 conciderit
817 1886 1047 1943 corpuS,
1076 1870 1308 1944 penitus
1336 1871 1474 1944 quia
1502 1880 1666 1928 mota
1691 1870 1828 1929 loco
1857 1880 1992 1933 sunt
2184 1876 2285 1927 600

462 1958 862 2030 fundamenta,
892 1960 1043 2017 foras
1073 1960 1267 2017 anima
1295 1970 1606 2018 emanante
1633 1978 1740 2035 per
1767 1970 1924 2020 artus

461 2068 684 2125 perque
713 2051 934 2107 viarum
964 2050 1155 2108 omnis
1184 2050 1385 2122 flexus,
1417 2052 1479 2107 in
1505 2069 1754 2126 corpore
1784 2052 1887 2126 qui
1915 2060 2068 2125 sunt,

461 2152 637 2217 atque
667 2141 993 2199 foramina?
1033 2140 1393 2200 multimodis
1423 2151 1490 2200 ut
1515 2160 1762 2199 noscere
1796 2143 1986 2217 possis

350 2250 359 2259 ·
462 2232 823 2309 dispertitam
851 2232 1078 2289 animae
1109 2241 1375 2289 naturam
1405 2233 1592 2291 exisse
1621 2250 1730 2308 per
1756 2242 1916 2291 artus

462 2332 521 2381 et
547 2324 707 2398 prius
736 2340 864 2380 esse
894 2322 1003 2381 sibi
1030 2321 1365 2380 distractam
1397 2341 1644 2398 corpore
1674 2324 1733 2381 in
1764 2324 1914 2399 ipSO,
2181 2330 2279 2395 605

461 2431 641 2488 quam
668 2414 941 2489 prolapsa
968 2413 1118 2471 foras
1148 2422 1348 2471 enaret
1378 2414 1441 2471 in
1467 2414 1615 2473 aeris
1643 2432 1828 2473 auras·

460 2522 572 2562 nec
600 2504 712 2562 sibi
741 2504 898 2562 enim
928 2504 1238 2579 quisquam
1269 2505 1524 2563 moriens
1554 2506 1766 2563 sentire
1795 2503 2027 2562 videtur

462 2595 542 2653 ire
572 2595 723 2653 foras
752 2595 1009 2653 animam
1037 2595 1395 2653 incolumem
1426 2595 1502 2653 de
1532 2614 1781 2671 corpore
1813 2604 1940 2654 toto

460 2704 573 2743 nec
601 2686 761 2761 prius
789 2684 866 2743 ad
896 2685 1155 2760 iugulum
1184 2694 1243 2744 et
1270 2704 1482 2761 supera
1509 2685 1829 2744 succedere
1860 2686 2076 2758 fauces,

460 2789 660 2834 verum
690 2775 945 2835 deficere
974 2777 1036 2833 in
1063 2786 1223 2834 certa
1248 2778 1488 2851 regione
1517 2778 1771 2835 locatam
1792 2797 1812 2849 3
2179 2784 2280 2835 610

459 2877 524 2925 ut
550 2885 755 2925 sensus
782 2867 925 2925 alios
952 2867 1012 2924 in
1040 2867 1188 2942 parti
1216 2885 1512 2942 quemque
1542 2886 1646 2926 sua
1673 2868 1782 2926 scit

462 2957 719 3017 dissolui.
750 2957 915 3033 quod
942 2958 991 3015 si
1020 2958 1337 3016 inmortalis
1365 2969 1564 3016 nostra
1592 2959 1739 3016 foret
1767 2976 1953 3030 menS,

354 3074 361 3081 ·
460 3067 581 3108 non
610 3059 730 3106 tarn
760 3066 822 3106 se
850 3048 1105 3106 moriens
1135 3048 1371 3107 dissolvi
1400 3059 1872 3124 conquereretur,

462 3139 569 3197 sed
596 3139 779 3217 magis
807 3140 888 3196 ire
918 3139 1069 3198 for'as
1098 3150 1438 3214 vestemque
1470 3139 1818 3214 relinquere,
1855 3150 1916 3197 ut
1944 3141 2164 3215 anguiS.

542 3230 817 3305 Denique
846 3248 949 3288 cur
977 3230 1154 3288 animi
1182 3248 1506 3304 numquam
1529 3248 1695 3288 mens
1721 3230 2147 3305 consiliumque
2176 3237 2270 3301 615

459 3320 712 3396 gignitur
736 3320 797 3378 in
825 3321 1017 3395 capite
1045 3330 1145 3379 aut
1170 3320 1421 3395 pedibus
1452 3322 1813 3392 manibusve,
1847 3320 1954 3379 sed
1987 3321 2113 3379 unis

459 3410 699 3471 sedibus
728 3420 787 3469 et
815 3412 984 3469 certis
1013 3412 1345 3486 regionibus
1377 3413 1653 3471 omnibus
1682 3412 1903 3485 haeret,

458 3502 506 3562 si
533 3519 659 3561 non
686 3510 846 3560 certa
871 3502 1005 3561 loca
1031 3502 1108 3559 ad
1134 3502 1500 3560 nascendum
1528 3502 1758 3561 reddita
1787 3503 2002 3577 cuique

458 3603 615 3667 sunt,
645 3602 704 3652 et
733 3594 833 3652 ubi
860 3592 1144 3668 quicquid
1174 3594 1357 3668 possit
1385 3593 1593 3652 durare
1623 3604 1904 3668 creatum,
