2784 3992
1004 830 1075 891 T.
1120 830 1502 891 LUCRETI
1558 830 1767 892 CARI

774 1035 929 1109 DE
1013 1032 1429 1109 RERUM
1509 1030 2002 1108 NATURA

1010 1249 1253 1303 LIBER
1303 1229 1770 1303 SECUNDUSL

1300 1414 1502 1447 -φ-

476 1550 680 1621 suave,
710 1548 852 1607 man‘
881 1563 1095 1624 magno
1124 1547 1487 1606 turbantibus
1515 1563 1775 1621 aequora
1802 1548 2008 1620 ventiS,

476 1658 509 1698 e
539 1650 688 1699 terra
715 1657 991 1714 magnum
1018 1639 1247 1696 alterius
1276 1648 1540 1714 spectare
1568 1638 1830 1696 laborem
1851 1658 1870 1710 ς

475 1749 597 1789 non
627 1731 765 1805 quia
790 1730 985 1787 vexari
1012 1737 1424 1804 quemquamst
1450 1726 1710 1786 iucunda
1735 1727 2022 1804 voluptaS‚

474 1821 580 1879 sed
609 1821 818 1895 quibus
846 1820 971 1895 ipse
996 1819 1161 1878 malis
1188 1837 1385 1877 careas
1415 1820 1550 1893 quia
1579 1837 1816 1879 cernere
1844 1836 2023 1878 suave
2051 1829 2156 1878 est.

474 1930 649 1970 suave
679 1911 853 1969 etiam
882 1909 1015 1969 belli
1044 1910 1362 1968 certamina
1390 1928 1603 1985 magna
1631 1909 1780 1969 tueri
2260 1928 2289 1981 5

472 2020 579 2077 per
600 2020 842 2077 campos
871 2002 1149 2059 instructa
1176 2009 1275 2057 tua
1302 2000 1426 2058 sine
1457 2010 1620 2075 parte
1647 2000 1869 2076 pericli.

472 2091 578 2151 sed
607 2093 686 2149 nil
719 2091 944 2150 dulcius
974 2100 1079 2163 est,
1105 2092 1255 2149 bene
1285 2109 1464 2166 quam
1493 2090 1718 2148 munita
1745 2100 1948 2152 tenere

472 2181 631 2241 edita
656 2182 925 2240 doctrina
951 2182 1280 2257 sapientum
1309 2182 1530 2257 templa
1558 2199 1781 2253 serena,

471 2273 774 2348 despicere
802 2272 961 2330 unde
990 2290 1172 2348 queas
1193 2273 1335 2331 alios
1364 2272 1701 2348 passimque
1728 2270 1928 2333 videre

404 2406 417 2428 .
470 2382 657 2421 errare
686 2372 861 2437 atque
889 2363 1043 2420 viam
1070 2363 1315 2438 palantis
1344 2380 1624 2438 quaerere
1652 2362 1824 2436 vitae,
2231 2384 2293 2421 ιο

470 2464 690 2512 certare
718 2454 972 2528 ingenio,
1004 2451 1362 2511 contendere
1390 2453 1708 2525 nobilitate,

470 2554 675 2603 noctes
703 2553 881 2619 atque
911 2542 1036 2602 dies
1066 2544 1171 2601 niti
1198 2554 1528 2619 praestante
1556 2543 1753 2602 labore

469 2634 546 2693 ad
576 2654 831 2693 summas
860 2652 1156 2709 emergere
1186 2652 1332 2709 opes
1359 2652 1670 2710 rerumque
1701 2633 1894 2709 potiri.

471 2743 509 2783 o
539 2726 775 2783 miseras
805 2725 1111 2783 hominum
1140 2733 1385 2797 mentes,
1418 2742 1456 2782 o
1485 2733 1726 2799 pectora
1755 2742 1935 2783 caeca
1959 2727 1972 2783 1

469 2815 733 2889 qualibus
761 2816 821 2873 in
850 2816 1103 2874 tenebris
1133 2816 1282 2873 vitae
1313 2816 1664 2889 quantisque
1694 2814 1922 2889 periclis
2226 2834 2284 2888 15

469 2905 697 2981 degitur
725 2906 841 2963 hoc
871 2906 997 2963 aevi
1026 2905 1502 2981 quodcumquest
1529 2907 1541 2963 Σ
1584 2923 1783 2963 nonne
1814 2904 2014 2965 videre

466 2996 547 3053 nil
574 2995 729 3053 aliud
758 2996 867 3054 sibi
895 3005 1159 3053 naturam
1189 2996 1408 3066 latrare,
1439 2996 1550 3053 nisi
1577 2995 1745 3070 utqui

467 3104 713 3161 corpore
743 3087 1040 3144 seiunctus
1071 3086 1241 3144 dolor
1268 3086 1436 3156 absit,
1467 3095 1664 3143 mente
1693 3086 1912 3145 fruatur

465 3176 725 3235 iucundo
755 3194 928 3234 sensu
958 3195 1107 3251 cura
1124 3187 1351 3235 semota
1377 3186 1657 3252 metuque
1673 3176 1701 3233 Ρ

466 3286 604 3343 ergo
633 3285 979 3343 corpoream
1012 3266 1088 3325 ad
1122 3277 1383 3325 naturam
1415 3286 1608 3343 pauca
1632 3264 1901 3325 videmus
2224 3286 2290 3324 20

466 3377 594 3415 esse
624 3376 773 3433 opus
803 3359 1063 3430 omnin0,
1095 3376 1244 3432 quae
1275 3358 1518 3416 demant
1545 3375 1799 3433 cumque
1829 3355 2116 3416 dolorem.

467 3446 703 3505 delicias
732 3466 968 3522 quoque
997 3449 1079 3505 uti
1109 3449 1315 3505 multas
1344 3449 1709 3506 substernere
1739 3448 1965 3522 possint

466 3538 680 3612 gratius
710 3538 1018 3610 interdum,
1051 3557 1245 3612 neque
1276 3549 1481 3597 natura
1507 3540 1634 3614 ipsa
1660 3538 1917 3613 requirit,
