2784 3992
480 326 616 399 v1.]
956 326 1067 381 DE
1129 324 1423 383 RERUM
1478 326 1824 385 NATURA
2175 290 2330 402 199‘

481 490 853 565 extruditque
882 490 1053 549 simul
1080 491 1351 550 mirando
1366 491 1645 569 pondere
1673 512 1812 552 saxa
1831 516 1852 568 3

479 598 554 638 ne
584 580 814 638 dubites
843 582 985 654 quin
1012 581 1159 639 haec
1188 583 1404 641 animai
1428 584 1662 643 turbida
1689 587 1762 643 sit
1788 586 1892 644 vis·

481 680 781 745 praeterea
807 690 1020 747 magna
1046 690 1121 729 ex
1150 674 1298 748 parti
1325 692 1485 731 mare
1515 675 1730 733 montis
1757 675 1836 733 ad
1865 677 1992 735 eius

479 760 705 819 radices
733 763 940 837 frangit
967 762 1175 821 fluctus
1204 774 1549 839 aestumque
1576 768 1856 825 resorbet.
2193 778 2292 843 695

481 870 554 909 ex
581 851 696 909 hoc
724 870 909 926 usque
939 854 1082 911 mari
1110 855 1426 929 speluncae
1455 857 1672 915 montis
1698 856 1776 914 ad
1805 858 1950 917 altas
2290 857 2300 867 ”

482 943 827 1017 perveniunt
860 945 1058 1002 subter
1085 945 1299 1003 fauces.
1328 945 1440 1003 hac
1467 945 1550 1004 ire
1578 946 1939 1007 fatendumst

483 1133 540 1181 et
567 1134 873 1199 penetrare
903 1127 1048 1182 mari
1074 1127 1306 1201 penitus
1332 1145 1427 1185 res
1455 1127 1615 1203 cogit
1641 1137 1850 1203 aperto

482 1224 657 1289 atque
688 1214 885 1273 efflare
914 1216 1066 1274 foras
1094 1216 1350 1291 ideoque
1380 1219 1656 1277 extollere
1685 1218 1982 1278 flammam

480 1323 735 1380 saxaque
764 1306 1088 1364 subiectare
1118 1317 1177 1365 et
1205 1326 1417 1366 arenae
1445 1309 1647 1367 tollere
1673 1309 1927 1369 nimbos,
2201 1331 2300 1379 700

480 1396 541 1453 in
568 1414 799 1454 summo
829 1407 964 1455 sunt
988 1399 1203 1456 vertice
1234 1400 1392 1457 enim
1422 1410 1690 1473 cratereS‚
1719 1409 1784 1457 ut
1810 1400 1922 1475 ipsi

480 1482 830 1545 nominitant
850 1509 867 1561 3
911 1506 1020 1546 nos
1050 1488 1212 1563 quod
1239 1491 1438 1547 fauces
1468 1490 1839 1565 perhibemus
1869 1501 1928 1549 et
1955 1510 2076 1549 ora.

560 1578 706 1637 Sunt
726 1578 950 1652 aliquot
970 1596 1209 1653 quoque
1237 1598 1328 1637 res
1358 1598 1606 1654 quarum
1631 1599 1808 1638 unam
1831 1580 2031 1638 dicere
2055 1574 2296 1641 causam

482 1685 603 1725 non
632 1669 768 1725 satis
797 1678 902 1741 est,
938 1687 1136 1726 verum
1164 1670 1360 1744 pluriS,
1392 1670 1551 1728 unde
1582 1690 1700 1728 una
1727 1681 1925 1729 tamen
1955 1672 2028 1729 sit
2049 1692 2068 1744 3

479 1777 697 1833 corpus
724 1768 789 1816 ut
817 1760 1151 1817 exanimum
1181 1760 1391 1834 siquod
1421 1762 1627 1835 procul
1655 1762 1780 1836 ipse
1809 1762 2002 1819 iacere
2201 1780 2294 1833 705

481 1850 811 1924 conspicias
840 1849 1112 1926 hominiS,
1140 1852 1206 1907 fit
1234 1861 1296 1908 ut
1324 1852 1514 1909 omnis
1545 1852 1742 1909 dicere
1772 1870 1980 1910 causas

482 1940 792 1998 conveniat
818 1941 936 2011 leti,
968 1941 1191 1998 dicatur
1218 1952 1281 1997 ut
1312 1942 1458 1999 illius
1487 1960 1619 1999 una.

482 2049 619 2089 nam
647 2049 841 2106 neque
871 2050 1008 2089 cum
1037 2032 1186 2091 ferro
1215 2049 1326 2088 nec
1354 2032 1564 2105 frigore
1593 2033 1827 2089 vincere
1856 2032 2047 2106 possis

482 2121 762 2179 interiisse
793 2140 987 2196 neque
1016 2140 1053 2179 a
1079 2122 1283 2180 morbo
1312 2140 1508 2197 neque
1539 2124 1685 2181 forte
1715 2141 1968 2194 veneno,

483 2231 681 2270 verum
712 2212 931 2288 aliquid
959 2231 1171 2288 genere
1201 2232 1328 2271 esse
1358 2232 1431 2271 ex
1461 2214 1576 2272 hoc
1607 2213 1771 2288 quod
1801 2212 2046 2288 contigit
2076 2212 2131 2270 ei
2203 2232 2300 2277 710

484 2304 722 2362 scimus.
754 2304 894 2361 item
922 2304 980 2360 in
1011 2304 1201 2361 multis
1230 2303 1345 2361 hoc
1373 2306 1548 2363 rebus
1576 2304 1774 2363 dicere
1805 2304 2109 2362 habemus·

566 2395 735 2452 Nilus
765 2395 825 2452 in
852 2404 1133 2452 aestatem
1161 2396 1368 2452 crescit
1395 2396 1742 2470 campisque
1770 2394 2080 2466 redundat,

485 2486 691 2542 unicus
720 2486 781 2542 in
809 2485 971 2543 terris
1000 2485 1249 2560 Aegypti
1278 2486 1456 2544 totius
1484 2488 1688 2545 amnis,

486 2576 531 2634 is
562 2577 709 2651 rigat
735 2578 1066 2651 Aegyptum
1098 2574 1360 2633 medium
1388 2594 1498 2651 per
1523 2594 1700 2650 saepe
1730 2576 2005 2646 calorem,

484 2675 584 2724 aut
614 2666 751 2740 quia
778 2676 911 2746 sunt
938 2674 1157 2723 aestate
1187 2666 1489 2740 aquilones
1516 2666 1666 2723 ostia
1693 2675 1914 2736 contra,
2196 2680 2296 2734 715

484 2757 621 2813 anni
651 2765 917 2830 tempore
948 2774 1020 2813 eo
1050 2757 1147 2829 qui
1178 2757 1392 2814 etesiae
1423 2773 1550 2814 esse
1581 2756 1856 2826 feruntur,

486 2855 544 2903 et
572 2856 777 2903 contra
806 2847 1040 2903 fluvium
1071 2846 1273 2905 flantes
1301 2856 1664 2904 remorantur
1691 2857 1751 2904 et
1779 2844 1966 2904 undas

484 2946 767 3011 cogentes
796 2956 988 2994 sursus
1016 2937 1242 3011 replent
1270 2946 1608 3011 coguntque
1638 2954 1891 2994 manere.

486 3044 621 3084 nam
654 3027 835 3085 dubio
865 3027 1071 3102 procul
1099 3026 1244 3084 haec
1274 3026 1519 3084 adverso
1549 3026 1729 3083 flabra
1756 3027 2018 3085 feruntur

488 3117 743 3190 flumine,
774 3136 925 3192 quae
954 3116 1156 3193 gelidis
1186 3118 1260 3175 ab
1288 3118 1462 3174 stellis
1491 3118 1613 3174 axis
1643 3126 1904 3192 aguntur.
2205 3133 2302 3182 720

489 3208 581 3265 ille
610 3227 685 3266 ex
712 3209 978 3265 aestifera
1006 3208 1151 3282 parti
1179 3207 1337 3264 venit
1365 3207 1552 3265 amnis
1582 3207 1658 3264 ab
1685 3216 1898 3279 austr0,

489 3299 637 3356 inter
664 3299 829 3373 nigra
854 3299 1038 3355 virum
1069 3308 1349 3372 percocto
1377 3297 1570 3355 saecla
1595 3298 1793 3356 colore

488 3390 757 3447 exoriens
784 3390 1017 3464 penitus
1046 3388 1241 3447 media
1268 3390 1343 3447 ab
1371 3390 1608 3464 regione
1639 3387 1774 3447 diei.

490 3489 578 3539 est
603 3497 843 3556 quoque
873 3479 956 3536 uti
984 3480 1167 3553 possit
1195 3497 1439 3554 magnus
1467 3488 1780 3553 congestus
1809 3478 2061 3535 harenae

490 3570 758 3631 fluctibus
786 3569 1043 3629 adversis
1072 3570 1330 3645 oppilare
1360 3570 1510 3627 ostia
1538 3579 1758 3639 contra,
2205 3580 2297 3633 7²5
