2784 3992
499 324 637 397 v1.]
980 324 1090 379 DE
1143 324 1437 379 RERUM
1494 324 1837 379 NATURA
2182 327 2299 378 211

496 495 620 544 turn
648 485 814 545 color
845 494 906 545 et
938 486 1114 544 facies
1143 486 1446 544 hominum
1477 485 1690 544 distare
1719 485 1990 546 videntur

495 577 724 651 largiter
749 587 810 635 et
837 577 1025 635 morbi
1053 578 1372 651 generatim
1402 578 1595 635 saecla
1622 587 1840 636 tenere.

495 677 580 723 est
609 668 845 745 elephas
875 668 1111 725 morbus
1140 669 1238 742 qui
1269 678 1509 741 propter
1536 656 1775 726 flumina
1806 668 1925 725 Nili

492 758 741 833 gignitur
761 759 1028 833 Aegypto
1051 759 1110 815 in
1134 759 1328 816 media
1349 777 1543 833 neque
1566 769 1866 833 praeterea
1886 778 2151 834 usquam.
2179 782 2261 816 ιιι
2271 779 2298 832 5

495 848 729 905 Atthide
760 858 1113 923 temptantur
1139 868 1366 923 gressus
1395 850 1668 923 oculique
1698 850 1757 906 in
1789 850 2036 908 Achaeis

492 938 720 997 finibus,
752 938 889 996 inde
919 940 1042 996 aliis
1069 940 1212 997 alius
1241 941 1406 997 locus
1436 949 1525 997 est
1552 940 1821 999 inimicus

491 1030 747 1103 partibus
776 1048 846 1087 ac
876 1029 1149 1088 membris
1175 1052 1186 1087 :
1230 1031 1419 1088 varius
1448 1031 1764 1088 concinnat
1792 1030 1853 1088 id
1883 1034 1999 1091 aer.

489 1119 737 1194 proinde
768 1120 867 1178 ubi
897 1138 960 1178 se
989 1121 1218 1178 caelum
1247 1121 1411 1194 quod
1438 1122 1609 1179 nobis
1638 1122 1783 1179 forte
1812 1122 2071 1180 alienum

490 1221 825 1269 commovet
853 1221 1031 1286 atque
1059 1215 1158 1269 aer
1184 1211 1454 1269 inimicus
1482 1230 1716 1287 serpere
1746 1214 1963 1288 coepit,
2174 1234 2298 1269 1120

489 1310 553 1359 ut
579 1302 794 1360 nebula
820 1320 889 1360 ac
915 1302 1103 1359 nubes
1132 1302 1409 1375 paulatim
1437 1303 1586 1377 repit
1615 1311 1674 1359 et
1701 1321 1878 1361 omne

490 1410 605 1465 qua
630 1392 885 1467 graditur
913 1392 1224 1450 conturbat
1251 1401 1311 1449 et
1337 1393 1645 1450 immutare
1674 1403 1906 1451 coactat
1926 1414 1944 1466 ;

488 1482 552 1539 fit
575 1500 812 1557 quoque
841 1492 922 1554 ut,
951 1483 1013 1539 in
1041 1492 1300 1539 nostrum
1329 1501 1465 1539 cum
1493 1484 1653 1541 venit
1680 1482 1936 1557 denique
1965 1484 2211 1556 caelum,

487 1582 817 1647 corrumpat
843 1572 1172 1648 reddatque
1201 1574 1290 1631 sui
1319 1574 1506 1632 simile
1536 1584 1712 1647 atque
1742 1575 2014 1632 alienum.

485 1662 629 1721 haec
659 1664 830 1739 igitur
855 1664 1048 1722 subito
1078 1664 1276 1722 clades
1304 1683 1459 1721 nova
1484 1665 1883 1739 pestilitasque
2174 1683 2293 1736 1125

475 1763 582 1811 'aut
609 1754 669 1810 in
697 1772 878 1828 aquas
905 1753 1067 1812 cadit
1093 1764 1193 1811 aut
1219 1756 1413 1829 fruges
1442 1754 1683 1829 persidit
1710 1756 1771 1811 in
1799 1756 1953 1830 ipsas

484 1854 581 1901 aut
607 1844 751 1901 alios
781 1844 1087 1902 hominum
1115 1855 1312 1919 pastus
1342 1845 1759 1920 pecudumque
1789 1846 2034 1918 cibatuS,

459 1944 580 1991 »aut
615 1935 792 1992 etiam
821 1953 1106 2009 suspensa
1133 1946 1330 1993 manet
1357 1937 1444 1994 vis
1473 1940 1605 1995 aere
1634 1937 1693 1993 in
1722 1937 1853 2010 ipso

482 2034 556 2096 et,
585 2044 724 2083 cum
751 2025 1033 2099 spirantes
1063 2028 1269 2083 mixtas
1299 2027 1434 2083 hinc
1465 2025 1735 2084 ducimus
1763 2044 1950 2099 auras,

481 2115 574 2173 illa
600 2133 840 2191 quoque
871 2117 930 2173 in
959 2135 1172 2191 corpus
1200 2118 1413 2191 pariter
1440 2117 1675 2175 sorbere
1704 2126 2019 2175 necessest.
2166 2137 2295 2189 1130

481 2207 767 2264 consimili
794 2208 1018 2265 ratione
1045 2208 1201 2265 venit
1229 2208 1419 2266 bubus
1449 2225 1687 2283 quoque
1717 2225 1893 2281 saepe

482 2298 758 2372 pestilitas
785 2307 846 2355 et
873 2298 989 2355 iam
1017 2298 1190 2373 pigris
1219 2298 1546 2357 balantibus
1574 2315 1799 2373 aegror.

482 2406 592 2445 nec
621 2388 794 2446 refert
821 2398 1012 2445 utrum
1041 2406 1149 2447 nos
1177 2389 1238 2445 in
1266 2389 1394 2445 loca
1423 2387 1802 2447 deveniamus

483 2479 650 2537 nobis
679 2478 921 2536 adversa
947 2488 1008 2537 et
1034 2474 1501 2537 caeli'mutemus
1530 2479 1829 2553 amictum,

483 2587 556 2627 an
583 2569 811 2626 caelum
841 2570 1012 2627 nobis
1040 2570 1188 2627 ultro
1217 2557 1422 2627 natura
1448 2579 1760 2645 coruptum
1836 2646 1840 2649 ⁴
2170 2587 2291 2639 1135

483 2658 707 2717 deferat
732 2669 834 2717 aut
861 2658 1079 2733 aliquid
1109 2677 1229 2733 quo
1259 2678 1380 2716 non
1410 2660 1823 2718 consuevimus
1851 2660 1954 2732 uti,

482 2750 645 2826 quod
676 2768 784 2808 nos
813 2749 1066 2807 adventu
1096 2750 1278 2824 possit
1307 2759 1594 2824 temptare
1622 2751 1863 2808 recenti.

566 2844 739 2901 Haec
765 2842 912 2913 ratio
941 2842 1240 2918 quondam
1272 2834 1613 2900 morborum
1642 2852 1700 2899 et
1730 2843 1990 2900 mortifer
2017 2852 2210 2901 aestus

483 2934 697 2991 finibus
725 2933 786 2990 in
815 2932 1099 3007 Cecropis
1129 2934 1387 2991 funestos
1416 2928 1676 2990 reddidit
1703 2951 1871 3008 agros

483 3024 840 3098 vastavitque
870 3023 1008 3095 vias,
1039 3023 1305 3081 exhausit
1334 3024 1557 3081 civibus
1584 3023 1807 3083 urbem.
2172 3042 2296 3090 1140

481 3132 617 3171 nam
645 3114 881 3189 penitus
911 3114 1152 3171 veniens
1180 3114 1433 3189 Aegypti
1462 3113 1671 3171 finibus
1699 3123 1874 3185 ortuS,

483 3204 618 3261 aeta
643 3222 989 3279 permensus
1017 3205 1261 3261 multum
1293 3221 1656 3279 camposque
1686 3204 1956 3276 natantiS,

483 3293 747 3353 incubuit
777 3294 1017 3358 tandem
1046 3295 1270 3369 populo
1304 3286 1620 3352 Pandionis
1649 3294 1867 3366 omnei,

486 3384 621 3444 inde
649 3386 989 3445 catervatim
1017 3386 1226 3444 morbo
1253 3386 1544 3459 mortique
1574 3383 1879 3443 dabantur.

487 3475 774 3552 principio
804 3486 980 3553 caput
1005 3477 1312 3534 incensum
1342 3476 1565 3533 fervore
1594 3474 1875 3549 gerebant
2169 3493 2189 3528 1
2203 3493 2261 3542 14
2264 3491 2293 3544 5

489 3576 548 3627 et
572 3567 823 3644 duplicis
851 3569 1056 3627 oculos
1087 3568 1303 3627 suffusa
1330 3567 1460 3625 luce
1488 3565 1778 3623 rubentes.
