2784 3992
489 315 618 363 200
1155 313 1620 370 LUcRETqu
2165 314 2300 388 [vl.

493 493 628 533 cum
659 494 816 534 mare
845 486 1180 551 permotum
1207 476 1394 535 ventis
1423 476 1535 535 ruit
1564 476 1718 535 intus
1747 476 2023 536 harenam
2045 499 2064 552 3

492 584 610 640 quo
641 566 704 624 fit
734 568 815 624 uti
846 577 1023 642 pacto
1052 568 1195 625 liber
1223 567 1415 626 minus
1443 568 1632 626 exitus
1661 568 1819 626 amni

492 666 551 713 et
580 657 849 731 proclivis
878 658 1016 715 item
1047 658 1145 715 fiat
1174 658 1365 716 minus
1393 658 1647 733 impetus
1676 658 1866 718 undis,

492 748 556 803 fit
584 765 821 821 quoque
850 748 934 806 uti
964 748 1189 822 pluviae
1220 748 1416 805 forsan
1443 749 1625 823 magis
1653 747 1731 806 ad
1760 759 1937 825 caput
1965 750 2020 807 ei

450 908 461 914 ᾗ
489 848 753 913 tempore
784 856 857 896 eo
886 838 1045 908 fiant,
1076 837 1239 911 quod
1268 839 1450 896 etesia
1477 838 1655 896 flabra
1681 841 2021 914 aquilonum
2209 860 2308 911 730

488 929 685 986 nubila
713 929 1011 986 coniciunt
1039 929 1099 985 in
1128 947 1225 985 eas
1254 938 1395 985 tunc
1423 930 1623 986 omnia
1650 931 1848 1004 partis,

488 1019 708 1077 scilicet
736 1018 812 1076 ad
842 1018 1098 1076 mediam
1127 1019 1427 1093 regionem
1459 1019 1649 1077 eiecta
1677 1019 1795 1077 diei

489 1128 625 1166 cum
654 1119 1075 1179 convenerunt,
1105 1110 1185 1167 ibi
1214 1108 1290 1166 ad
1319 1110 1467 1167 altos
1496 1109 1755 1184 denique
1787 1112 2000 1169 montis

486 1209 796 1258 contrusae
824 1200 1011 1257 nubes
1040 1192 1333 1274 coguntur
1359 1200 1546 1277 vique,
1563 1211 1922 1275 premuntur.

486 1290 723 1349 forsitan
754 1290 1110 1364 Aethiopum
1140 1290 1373 1364 penitus
1402 1289 1480 1348 de
1509 1290 1806 1349 montibus
1835 1292 1961 1350 altis
2207 1312 2304 1365 735

487 1390 727 1453 crescat,
758 1381 857 1439 ubi
888 1381 947 1438 in
977 1398 1221 1455 campos
1248 1380 1410 1438 albas
1440 1379 1804 1440 descendere
1831 1382 2080 1458 ningues

486 1472 731 1529 tabificis
759 1471 971 1546 subigit
998 1470 1174 1529 radiis
1204 1471 1290 1529 sol
1318 1471 1519 1528 omnia
1547 1472 1811 1530 lustrans,

567 1563 743 1619 Nunc
765 1580 892 1637 age,
913 1563 1142 1619 Averna
1158 1562 1261 1619 tibi
1280 1580 1432 1636 quae
1453 1562 1570 1620 sint
1590 1562 1722 1619 loca
1743 1581 1999 1637 cumque
2021 1563 2301 1639 lacusque

488 1652 821 1727 expediam,
854 1652 1009 1727 quali
1038 1662 1242 1709 natura
1270 1650 1534 1727 praedita
1561 1662 1851 1712 constent.

484 1743 789 1819 principio,
820 1742 984 1817 quod
1015 1745 1243 1799 Averna
1270 1751 1551 1800 vocantur
1579 1744 1840 1815 nomine,
1875 1743 1938 1801 id
1968 1745 2044 1803 ab
2072 1764 2136 1805 re
2210 1767 2306 1815 740

483 1835 875 1909 inpositumst,
906 1835 1043 1908 quia
1071 1842 1205 1891 sunt
1232 1833 1435 1891 avibus
1465 1834 1752 1892 contraria
1787 1836 2034 1908 cunctis,

486 1944 518 1983 e
546 1926 786 2001 regione
816 1943 887 1983 ea
914 1922 1078 1998 quod
1106 1925 1237 1982 loca
1265 1942 1402 1981 cum
1430 1942 1644 1982 venere
1671 1925 1952 1998 volanteS,

483 2016 689 2091 remigi
718 2016 933 2074 oblitae
963 2032 1288 2090 pennarum
1318 2014 1446 2071 vela
1473 2015 1778 2076 remittunt

484 2106 946 2182 praecipitesque
976 2104 1196 2163 cadunt
1224 2106 1383 2163 molli
1414 2106 1642 2164 cervice
1671 2107 1943 2181 profusae

483 2198 543 2254 in
572 2206 798 2267 terram,
828 2197 875 2253 si
905 2197 1052 2254 forte
1080 2196 1161 2253 ita
1188 2194 1295 2253 fert
1323 2206 1528 2253 natura
1555 2197 1843 2269 locorum,
2208 2219 2303 2272 745

483 2286 582 2345 aut
610 2288 668 2344 in
696 2305 929 2361 aquam,
959 2287 1005 2344 si
1033 2285 1180 2344 forte
1210 2285 1370 2344 lacus
1399 2287 1719 2346 substratus
1748 2288 2032 2347 Avernist.

484 2379 530 2435 is
560 2378 723 2435 locus
752 2386 841 2434 est
869 2378 1088 2435 Cumas
1117 2387 1277 2452 aput,
1306 2377 1428 2434 acri
1455 2378 1690 2453 sulpure
1720 2388 1951 2437 montes

484 2468 706 2543 oppleti
735 2466 935 2527 calidis
962 2468 1063 2525 ubi
1091 2468 1317 2526 fumant
1344 2467 1603 2527 fontibus
1632 2469 1806 2528 aucti.

485 2570 571 2615 est
601 2567 660 2615 et
688 2557 1003 2615 Athenaeis
1032 2558 1092 2615 in
1121 2558 1449 2630 moenibuS,
1479 2559 1628 2617 arcis
1656 2559 1716 2616 in
1745 2559 1873 2634 ipso

483 2650 718 2719 vertice,
753 2647 998 2706 Palladis
1027 2647 1105 2705 ad
1134 2648 1419 2724 templum
1449 2649 1768 2708 Tritonidis
1797 2649 2004 2721 almae,
2199 2670 2300 2725 750

485 2758 603 2813 quo
633 2757 957 2813 numquam
985 2740 1193 2814 pennis
1222 2740 1523 2814 appellunt
1551 2757 1800 2814 corpora
1825 2758 2039 2798 raucae

484 2830 771 2901 cornices,
802 2848 923 2887 non
953 2849 1088 2887 cum
1120 2831 1343 2887 fumant
1371 2830 1571 2887 altaria
1600 2830 1773 2889 donis
1795 2851 1812 2903 3

484 2938 669 2995 usque
698 2920 850 2978 adeo
878 2921 1125 2996 fugitant
1157 2940 1278 2979 non
1308 2921 1419 2978 iras
1451 2920 1696 2979 Palladis
1724 2921 1872 2978 acris

484 3010 741 3086 pervigili
772 3030 966 3082 causa,
998 3012 1240 3070 Graium
1272 3021 1333 3069 ut
1362 3010 1632 3069 cecinere
1662 3021 1895 3086 poetae,

484 3101 593 3161 sed
621 3112 827 3160 natura
856 3102 969 3160 loci
1000 3121 1116 3177 ope
1147 3102 1358 3159 sufficit
1387 3102 1513 3176 ipsa
1544 3112 1771 3177 suapte.
2205 3120 2298 3174 755

482 3194 543 3251 in
572 3194 731 3269 Syria
757 3211 996 3268 quoque
1024 3193 1202 3250 fertur
1230 3193 1367 3251 item
1395 3192 1561 3251 locus
1591 3212 1719 3251 esse
1747 3192 1947 3263 videri,

484 3283 876 3359 quadripedes
904 3302 1142 3359 quoque
1173 3301 1291 3358 quo
1321 3283 1492 3341 simul
1521 3302 1591 3341 ac
1621 3284 1864 3360 yestigia
1890 3283 2146 3358 primum

485 3374 793 3445 intulerint,
823 3375 1070 3450 graviter
1097 3375 1181 3432 vis
1212 3384 1385 3449 cogat
1414 3374 1732 3450 concidere
1761 3375 1905 3449 ipsa,

486 3465 752 3523 manibus
780 3474 845 3522 ut
872 3465 919 3522 si
948 3466 1061 3522 sint
1090 3463 1236 3522 divis
1265 3474 1520 3522 mactata
1545 3475 1806 3541 repente.

486 3554 685 3611 omnia
713 3572 862 3628 quae
892 3555 1134 3612 naturali
1161 3555 1384 3612 ratione
1413 3565 1707 3629 geruntur,
2201 3561 2298 3621 760
