2784 3992
432 276 556 359 196
1092 288 1556 346 Lucam-ms
2095 288 2232 364 [v1.

423 454 706 515 disturbat
732 455 903 514 urbes
931 463 991 514 et
1016 463 1201 515 terrae
1229 463 1424 513 motus
1451 454 1709 515 obortus,

422 547 720 621 multaque
749 556 1049 622 praeterea
1076 545 1419 604 ceciderunt
1447 548 1684 605 moenia
1712 548 1936 625 magnis

420 639 675 696 motibus
704 638 763 696 in
791 638 953 695 terris
982 648 1042 695 et
1070 638 1285 695 multae
1315 655 1424 712 per
1451 656 1610 696 mare
1639 656 1878 713 pessum

420 727 735 786 subsedere
763 728 880 786 suis
908 728 1122 803 pariter
1148 747 1285 785 cum
1313 729 1538 787 civibus
1565 729 1756 787 urbes,
2051 722 2062 729 ’
2135 748 2238 805 590

421 818 583 893 quod
613 818 720 876 nisi
749 819 1089 893 prorumpit,
1119 828 1316 877 tamen
1347 819 1603 894 impetus
1632 820 1759 895 ipse
1787 821 2002 879 animai

421 920 480 966 et
512 909 633 967 fera
658 910 743 967 vis
769 910 927 968 venti
955 928 1062 984 per
1088 910 1291 968 crebra
1320 910 1604 969 foramina
1633 921 1818 970 terrae

419 999 751 1075 dispertitur
777 1010 841 1057 ut
866 1000 1070 1059 horror
1098 1010 1157 1058 et
1184 1002 1390 1060 incutit
1420 1000 1558 1059 inde
1589 1011 1901 1061 tremorem
1923 1024 1941 1075 ;

404 1091 591 1166 frigus
621 1092 699 1149 uti
731 1100 959 1149 nostros
988 1092 1220 1166 penitus
1250 1109 1389 1149 cum
1416 1092 1575 1150 venit
1602 1092 1663 1150 in
1691 1102 1868 1167 artus,

418 1182 679 1240 concutit
706 1182 915 1240 invitos
944 1199 1163 1257 cogens
1192 1192 1440 1240 tremere
1469 1192 1646 1258 atque
1675 1201 1930 1242 movere.
2131 1202 2231 1259 595

418 1273 654 1347 ancipiti
680 1272 973 1349 trepidant
1000 1273 1171 1347 igitur
1196 1282 1412 1331 terrore
1441 1291 1548 1348 per
1572 1274 1747 1345 urbiS‚

416 1371 573 1421 tecta
600 1381 851 1438 superne
879 1364 1104 1434 timent,
1135 1373 1406 1422 metuunt
1432 1364 1656 1423 inferne
1683 1382 1964 1424 cavernas

415 1454 583 1513 terrai
612 1471 687 1511 ne
715 1452 995 1512 dissoluat
1022 1463 1227 1511 natura
1252 1464 1515 1528 repente,

413 1559 532 1601 neu
560 1543 833 1602 distracta
859 1562 1029 1602 suum
1056 1545 1169 1602 late
1199 1542 1513 1619 dispandat
1540 1544 1763 1604 hiatum

415 1632 608 1708 adque
638 1635 754 1693 suis
782 1635 1025 1693 confusa
1052 1635 1188 1693 velit
1216 1636 1516 1711 complere
1545 1636 1743 1694 ruinis,
1823 1638 1838 1649 ⁸
2129 1643 2232 1695 600

412 1724 663 1799 proinde
689 1725 825 1783 licet
852 1726 1115 1800 quamvis
1141 1726 1370 1784 caelum
1399 1735 1730 1801 terramque
1757 1735 1994 1785 reantur

414 1818 748 1891 incorrupta
775 1816 898 1874 fore
926 1825 1199 1873 aeternae
1228 1815 1507 1874 mandata
1533 1817 1703 1876 saluti
1725 1838 1743 1890 3

414 1915 472 1964 et
501 1914 701 1964 tamen
732 1904 1023 1964 interdum
1053 1923 1329 1980 praesens
1358 1907 1442 1963 vis
1474 1907 1599 1983 ipsa
1625 1908 1828 1983 pericli

412 1995 611 2054 subdit
638 2006 697 2053 et
725 1996 883 2054 hunc
914 1997 1209 2055 stimulum
1239 1996 1495 2071 quadam
1527 1997 1604 2055 de
1633 2008 1797 2073 parte
1826 1998 2066 2071 timoris,

410 2106 488 2145 ne
517 2086 768 2163 pedibus
794 2088 1005 2163 raptim
1035 2087 1200 2146 tellus
1230 2088 1523 2147 subtracta
1551 2089 1766 2147 feratur
2125 2094 2225 2163 605

411 2178 470 2235 in
500 2177 828 2237 barathrum
858 2196 1168 2253 rerumque
1198 2189 1474 2253 sequatur
1499 2179 1733 2254 prodita
1759 2196 1988 2237 summa

410 2268 668 2327 funditus
697 2278 756 2327 et
782 2269 884 2328 fiat
912 2267 1117 2326 mundi
1144 2270 1390 2327 confusa
1416 2270 1599 2329 ruina.

497 2356 825 2437 [Principio
853 2377 1012 2417 mare
1041 2360 1321 2418 mirantur
1348 2379 1472 2419 non
1499 2358 1749 2419 reddere
1779 2361 1965 2418 maius

409 2459 692 2522 naturam,
723 2467 843 2524 quo
871 2451 943 2508 sit
970 2460 1163 2509 tantus
1193 2450 1474 2511 decursus
1503 2468 1804 2526 aquarum,

410 2541 607 2599 omnia
634 2558 754 2614 quo
781 2540 1016 2598 veniant
1044 2558 1118 2597 ex
1146 2541 1308 2599 omni
1338 2541 1576 2599 flumina
1603 2550 1785 2616 parte.
2122 2546 2226 2598 610

409 2630 566 2690 adde
593 2650 771 2708 vagos
800 2631 996 2689 imbris
1024 2641 1523 2707 tempestatesque
1550 2632 1831 2703 volanteS,

408 2723 609 2783 omnia
635 2740 786 2798 quae
815 2722 993 2779 maria
1020 2740 1090 2779 ac
1120 2732 1299 2780 terras
1327 2732 1722 2797 sparguntque
1749 2722 2052 2797 rigantque
2075 2741 2093 2793 3

409 2812 565 2871 adde
593 2832 730 2872 suos
758 2812 932 2871 fontis
953 2833 971 2884 ;
1016 2823 1214 2871 tamen
1242 2812 1321 2871 ad
1350 2813 1523 2870 maris
1552 2812 1752 2871 omnia
1781 2829 2072 2869 summam

407 2904 591 2979 guttai
616 2904 711 2961 vix
740 2904 917 2962 instar'
943 2914 1113 2961 erunt
1141 2904 1311 2962 unius
1337 2902 1671 2979 adaugmen
1694 2923 1711 2975 3

408 3013 529 3069 quo
557 2995 746 3053 minus
776 3005 863 3053 est
892 2994 1102 3053 mirum
1131 3013 1289 3053 mare
1316 3012 1441 3053 non
1463 3012 1777 3070 augescere
1801 3010 2097 3069 magnum.
2117 2998 2218 3065 615

407 3096 708 3161 praeterea
735 3104 1006 3161 magnam
1038 3085 1126 3144 sol
1153 3095 1378 3160 partem
1410 3083 1660 3143 detrahit
1691 3094 1875 3143 aestu.

408 3177 627 3252 quippe
656 3175 920 3234 videmus
950 3176 1106 3235 enim
1136 3177 1313 3235 vestis
1340 3192 1545 3233 umore
1574 3174 1866 3234 madentis

407 3269 700 3327 exsiccare
729 3269 845 3327 suis
874 3267 1047 3326 radiis
1077 3266 1403 3326 ardentibu’
1434 3265 1656 3325 solem:

405 3369 465 3417 at
491 3361 696 3436 pelage
726 3359 908 3419 multa
936 3369 994 3417 et
1020 3359 1134 3418 late
1164 3359 1448 3417 substrata
1475 3355 1760 3415 videmus·

404 3451 653 3525 proinde
682 3450 818 3508 licet
846 3451 1107 3524 quamvis
1136 3468 1209 3507 ex
1237 3467 1356 3507 uno
1386 3465 1625 3522 quoque
1653 3448 1788 3505 loco
1817 3445 1906 3505 sol
2114 3451 2216 3503 620

406 3541 621 3599 umoris
649 3559 885 3617 parvam
914 3540 1132 3599 delibet
1158 3541 1232 3598 ab
1260 3556 1516 3613 aequore
1545 3548 1806 3613 partem:
