2784 3992
589 285 709 361 184
1238 296 1703 351 LUCRETIUS
2250 297 2366 368 [VI.

576 456 639 515 id
666 457 802 515 licet
829 457 966 515 hinc
995 458 1172 517 etiam
1201 476 1560 533 cognoscere
1585 478 1598 515 ε
1644 456 1892 516 caedere
1923 458 1969 517 si
1998 476 2178 535 quem

575 548 814 623 ancipiti
840 547 1040 606 videas
1069 549 1218 606 ferro
1248 548 1454 623 procul
1480 549 1697 607 arboris
1725 558 1982 621 auctum,

574 649 707 696 ante
736 639 803 697 fit
830 648 894 695 ut
923 628 1125 696 cernas
1155 640 1333 696 ictum
1363 657 1542 713 quam
1568 639 1738 714 plaga
1764 657 1870 713 per
1896 639 2047 697 auris

574 728 676 786 det
704 730 958 787 sonitum
980 749 997 801 ;
1040 730 1130 786 sic'
1153 720 1434 804 fulgorem
1465 748 1701 804 quoque
1731 730 2020 787 cernimus
2049 740 2183 787 ante
2289 750 2374 797 170

573 837 751 894 quam
778 820 1055 878 tonitrum
1084 820 1424 894 accipimuS,
1455 820 1668 894 pariter
1695 819 1796 894 qui
1824 821 2064 878 mittitur
2092 820 2213 895 igni

572 928 605 967 e
634 909 804 968 simili
832 929 1023 978 causa,
1053 928 1341 968 concursu
1371 919 1540 967 natus
1569 909 1799 968 eodem.

653 1002 795 1059 Hoc
825 1002 998 1058 etiam
1028 1010 1203 1076 pacto
1231 1000 1452 1075 volucri
1478 1000 1612 1057 loca
1638 1000 1857 1058 lumine
1885 1001 2116 1076 tingunt

571 1092 757 1149 nubes
785 1099 845 1148 et
872 1090 1118 1149 tremulo
1146 1100 1464 1166 tempestas
1491 1090 1710 1166 impete
1739 1091 1920 1165 fulgit.

569 1192 776 1239 ventus
804 1182 904 1240 ubi
933 1181 1140 1238 invasit
1168 1181 1387 1238 nubem
1417 1190 1476 1239 et
1500 1190 1759 1240 versatus
1786 1180 2008 1239 ibidem
2290 1200 2373 1253 175

570 1271 707 1329 fecit
734 1281 799 1329 ut
826 1281 961 1329 ante
990 1290 1191 1329 cavam
1222 1271 1402 1329 docui
1430 1271 1778 1346 spissescere
1805 1272 2046 1345 nubem,

568 1362 887 1421 mobilitate
918 1381 1020 1420 sua
1047 1362 1316 1420 fervescit
1335 1382 1353 1435 3
1397 1372 1462 1419 ut
1489 1362 1688 1421 omnia
1714 1371 1878 1421 motu

567 1453 955 1528 percalefacta
980 1452 1143 1511 vides
1170 1452 1496 1525 ardescere,
1525 1453 1803 1528 plumbea
1828 1470 1967 1512 vero

566 1544 729 1620 glans
756 1544 931 1602 etiam
960 1543 1139 1619 longo
1167 1561 1337 1601 cursu
1366 1542 1657 1601 volvenda
1680 1543 1968 1617 liquescit.

567 1651 707 1709 ergo
737 1634 990 1692 fervidus
1020 1634 1114 1692 hic
1134 1624 1359 1692 'nubem
1389 1653 1527 1691 cum
1555 1633 1834 1708 perscidit
1861 1644 2064 1707 atram,
2288 1642 2378 1693 180

567 1723 810 1799 dissipat
836 1723 1056 1782 ardoris
1086 1725 1248 1799 quasi
1277 1742 1384 1799 per
1411 1724 1526 1781 vim
1557 1742 1833 1799 expressa
1858 1733 2100 1799 repente

566 1816 792 1873 semina
819 1833 968 1889 quae
999 1816 1217 1873 faciunt
1245 1816 1524 1873 nictantia
1549 1815 1773 1890 fulgura
1799 1814 2067 1873 flammae
2090 1837 2108 1889 3

565 1904 702 1962 inde
732 1924 909 1963 sonus
938 1906 1197 1981 sequitur
1225 1906 1323 1979 qui
1352 1905 1571 1963 tardius
1599 1904 1800 1963 adficit
1827 1907 1977 1964 auris

565 2014 742 2070 quam
771 2013 920 2070 quae
950 1995 1295 2071 perveniunt
1325 1997 1629 2054 oculorum
1659 1995 1737 2053 ad
1766 1997 1983 2053 lumina
2011 2006 2231 2055 nostra.

562 2086 785 2145 scilicet
812 2087 929 2144 hoc
960 2086 1155 2144 densis
1184 2087 1249 2144 fit
1276 2087 1526 2145 nubibus
1556 2096 1616 2144 et
1643 2086 1812 2145 simul
1841 2088 1952 2146 alte
2289 2094 2376 2159 185

562 2178 837 2234 extructis
866 2178 989 2235 aliis
1018 2178 1157 2235 alias
1186 2195 1360 2251 super
1388 2178 1606 2251 impete
1636 2177 1784 2235 miro
1805 2198 1825 2251 ;

563 2285 638 2325 ne
666 2268 770 2326 tibi
798 2268 870 2325 sit
894 2267 1044 2326 frudi
1072 2267 1235 2342 quod
1264 2286 1373 2325 nos
1404 2268 1624 2325 inferne
1653 2267 1921 2326 videmus

562 2377 739 2433 quam
768 2360 881 2417 sint
908 2350 1225 2434 lata'magis
1247 2377 1423 2434 quam
1454 2377 1678 2417 sursum
1702 2368 1966 2418 extructa
1982 2358 2127 2435 quid
2157 2368 2378 2418 extent.

561 2449 990 2524 contemplator
1017 2449 1194 2521 enim,
1224 2468 1361 2506 cum
1390 2450 1686 2509 montibus
1713 2449 2062 2509 adsimulata

560 2539 757 2597 nubila
784 2539 1097 2614 portabunt
1124 2540 1281 2597 venti
1308 2549 1629 2598 transversa
1655 2558 1760 2616 per
1787 2558 1973 2611 auraS‚
2283 2559 2380 2611 190

560 2639 658 2687 aut
686 2630 786 2687 ubi
812 2648 918 2703 per
944 2648 1191 2705 magnos
1218 2630 1434 2688 montis
1464 2631 1758 2689 cumulata
1783 2630 2009 2689 videbis

561 2720 795 2794 insuper
823 2738 948 2778 esse
978 2720 1099 2778 aliis
1128 2721 1239 2778 alia
1264 2730 1440 2796 atque
1470 2739 1713 2797 urguere
1743 2738 1994 2795 superne

559 2811 618 2868 in
648 2812 892 2869 statione
920 2811 1111 2869 locata
1138 2813 1375 2887 sepultis
1405 2812 1668 2886 undique
1696 2812 1882 2869 ventis
1907 2832 1919 2869 ε

558 2911 682 2958 tum
711 2902 927 2975 poteris
958 2920 1196 2977 magnas
1224 2904 1410 2961 moles
1440 2920 1800 2978 cognoscere
1831 2920 2033 2959 eorum

558 2992 981 3067 speluncasque
1008 2992 1166 3050 velut
1194 2994 1343 3051 saxis
1374 2990 1754 3068 pendentibu’
1785 3001 2027 3049 structas
2277 3008 2374 3063 ¹95

559 3100 815 3154 cernere,
846 3101 989 3157 quas
1017 3085 1175 3141 venti
1203 3103 1340 3141 cum
1368 3092 1717 3157 tempestate
1746 3093 1950 3145 coorta

557 3173 921 3247 conplerunt‚
953 3193 1168 3249 magno
1198 3174 1573 3249 indignantur
1599 3191 1893 3230 murmure
1923 3172 2103 3230 clausi

556 3263 805 3321 nubibus
835 3263 895 3321 in
924 3266 1231 3339 caveisque
1261 3265 1508 3321 ferarum
1537 3282 1700 3322 more
1730 3265 2020 3322 minantur
2040 3283 2058 3335 ;

555 3371 712 3410 nunc
740 3353 876 3410 hinc
906 3372 1065 3412 nunc
1093 3355 1248 3412 illinc
1277 3356 1537 3413 fremitus
1565 3373 1671 3430 per
1697 3355 1895 3412 nubila
1921 3354 2160 3410 mittunt

555 3453 1015 3518 quaerentesque
1044 3445 1197 3502 viam
1226 3446 1445 3501 circum
1472 3455 1770 3502 versantur
1797 3454 1855 3502 et
1882 3444 2028 3520 ignis
2273 3461 2378 3497 200

554 3534 778 3591 semina
802 3534 1159 3591 convolvunt
1187 3552 1219 3591 e
1248 3534 1500 3592 nubibus
1529 3545 1704 3608 atque
1734 3535 1812 3591 ita
1841 3543 2061 3609 cogunt
