2784 3992
516 333 647 405 1v.]
997 334 1107 387 DE
1159 332 1450 386 RERUM
1507 331 1851 386 NATURA
2205 330 2314 375 111

592 496 725 554 Nec
751 478 951 553 ta⁸men
977 495 1074 552 hic
1103 496 1305 552 oculos
1333 495 1447 551 falli
1476 494 1856 552 concedimus
1886 493 2067 553 hilum

510 605 649 645 nam
676 603 1052 662 quocumque
1080 586 1214 643 loco
1245 586 1315 643 sit
1343 585 1442 642 lux
1468 594 1643 658 atque
1672 587 1880 643 umbra
1904 589 2054 645 tueri
2229 594 2328 658 380

513 677 738 735 illorum
766 686 855 734 est
875 697 891 748 3
922 674 1133 733 eadem
1160 693 1299 733 vero
1329 676 1443 733 sint
1470 675 1691 733 lumina
1718 694 1926 748 necne,

513 767 831 841 umbraque
860 784 1011 841 quae
1041 766 1147 823 fuit
1178 765 1272 822 hic
1302 764 1516 823 eadem
1545 784 1706 824 nunc
1733 777 1988 826 transeat
2015 768 2168 843 illuc,

514 876 589 915 an
616 858 812 932 potius
840 857 940 915 fiat
967 856 1143 931 paulo
1172 854 1335 930 quod
1365 856 1618 915 diximus
1645 866 1802 931 ante,
2225 862 2258 882 “

513 948 627 1005 hoc
656 948 836 1004 animi
865 948 1109 1025 demum
1139 948 1284 1005 ratio
1314 945 1646 1006 discernere
1676 948 1876 1021 debet,
1963 938 1986 943 ”

512 1055 626 1095 nec
655 1047 902 1113 possunt
931 1038 1087 1096 oculi
1114 1048 1379 1096 naturam
1410 1058 1654 1098 noscere
1683 1058 1892 1097 rerum.
2230 1046 2328 1112 385

513 1125 763 1203 proinde
794 1128 973 1185 animi
1000 1128 1202 1186 vitium
1231 1129 1347 1187 hoc
1375 1131 1562 1188 oculis
1591 1129 1888 1205 adfingere
1917 1129 2057 1190 noli.

404 1270 415 1281 ,
514 1236 631 1293 qua
658 1218 923 1276 vehimur
949 1220 1099 1290 navi,
1130 1220 1323 1292 fertur,
1342 1220 1490 1278 ‘cum
1520 1231 1669 1278 stare
1697 1220 1968 1293 videtur3

514 1326 666 1384 quae
694 1320 894 1367 manet
922 1309 982 1367 in
1010 1311 1275 1381 statione,
1306 1329 1377 1368 ea
1405 1321 1632 1385 praeter
1659 1311 1911 1368 creditur
1937 1310 2036 1370 ire.

515 1410 573 1458 et
599 1401 802 1476 fugere
833 1400 910 1458 ad
938 1402 1184 1476 puppim
1213 1402 1391 1459 colles
1421 1402 1731 1476 campique
1760 1400 2031 1459 videntur

514 1509 663 1566 quos
691 1492 917 1566 agimus
945 1502 1173 1566 praeter
1200 1510 1412 1549 navem
1443 1492 1700 1566 velisque
1730 1492 2015 1549 volamus.
2231 1509 2331 1564 390

515 1580 705 1639 sidera
732 1600 957 1639 cessare
988 1583 1259 1640 aetheriis
1288 1582 1482 1639 adfixa
1510 1582 1772 1640 cavernis

516 1681 730 1729 cuncta
756 1672 1040 1743 videntur,
1072 1682 1131 1729 et
1157 1671 1406 1730 adsiduo
1438 1682 1572 1729 sunt
1599 1672 1799 1729 omnia
1826 1679 2012 1747 motu,

519 1761 1001 1837 quandoquidem
1028 1763 1235 1838 longos
1264 1764 1457 1821 obitus
1486 1772 1685 1820 exorta
1713 1763 1985 1835 revisunt,

515 1871 649 1911 cum
678 1871 991 1929 permensa
1018 1872 1123 1911 suo
1155 1864 1288 1911 sunt
1317 1854 1546 1911 caelum
1574 1870 1820 1927 corpore
1849 1852 2024 1912 claro.

517 1944 720 2018 solque
750 1944 875 2018 pari
902 1944 1126 2001 ratione
1155 1960 1394 2001 manere
1426 1953 1484 2001 et
1511 1945 1649 2001 luna
1676 1943 1948 2001 videntur
2234 1961 2329 2015 395

517 2034 576 2092 in
603 2034 877 2106 statione,
907 2052 978 2091 ea
1005 2052 1153 2108 quae
1184 2034 1317 2091 ferri
1345 2052 1436 2091 res
1464 2033 1684 2091 indicat
1714 2034 1854 2109 ipsa.

517 2124 911 2198 exstantisque
942 2124 1148 2199 procul
1174 2124 1374 2182 medio
1405 2124 1480 2182 de
1507 2125 1729 2199 gurgite
1760 2124 1974 2183 montis

484 2249 491 2253 -
516 2216 794 2273 classibus
822 2215 973 2272 inter
1000 2232 1149 2289 quos
1176 2215 1321 2272 liber
1349 2224 1511 2289 patet
1540 2216 1726 2273 exitus
1758 2215 1984 2291 ingenS,

518 2306 703 2365 insula
730 2305 1062 2363 coniunctis
1089 2315 1289 2363 tamen
1320 2324 1393 2363 ex
1423 2306 1510 2363 his
1539 2325 1658 2364 una
1685 2305 1932 2366 videtur.

516 2398 657 2455 atria
682 2396 897 2454 versari
931 2404 991 2454 et
1020 2396 1475 2454 circumcursare
1505 2397 1812 2458 columnae
2234 2414 2334 2462 400

516 2505 702 2562 usque
733 2487 887 2545 adeo
915 2486 980 2544 fit
1006 2487 1091 2545 uti
1118 2488 1311 2562 pueris
1339 2487 1663 2558 videantur,
1694 2487 1793 2544 ubi
1822 2485 1935 2562 ipsi

517 2578 817 2637 desierunt
842 2577 1007 2650 verti,
1036 2578 1131 2635 vix
1156 2586 1222 2635 ut
1250 2578 1365 2634 iam
1395 2576 1635 2635 credere
1665 2577 1894 2652 possint

516 2687 635 2728 non
665 2686 842 2743 supra
869 2685 997 2725 sese
1024 2685 1189 2725 ruere
1219 2668 1419 2725 omnia
1444 2677 1601 2725 tecta
1627 2666 1850 2725 minari.

518 2760 750 2833 iamque
779 2758 1018 2816 rubrum
1046 2758 1302 2815 tremulis
1331 2758 1498 2815 iubar
1524 2758 1755 2832 ignibus
1784 2758 2002 2831 erigere
2033 2754 2146 2814 alte

518 2868 652 2906 cum
683 2851 929 2922 coeptat·
956 2857 1160 2905 natura
1186 2849 1782 2923 supraque'extollere
1812 2857 2059 2919 monteS‚
2235 2863 2330 2916 405

518 2957 665 3013 quos
692 2938 799 2996 tibi
826 2948 953 2996 tum
981 2956 1155 3013 supra
1180 2938 1268 2996 sol
1297 2939 1511 2995 montis
1539 2956 1667 2995 esse
1695 2938 1924 2997 videtur

518 3029 851 3087 comminus
880 3028 1005 3104 ipse
1034 3047 1142 3086 suo
1171 3030 1520 3103 contingens
1549 3028 1802 3086 fervidus
1829 3028 1968 3103 igni,

518 3120 613 3177 vix
640 3120 856 3177 absunt
882 3119 1053 3176 nobis
1083 3120 1288 3176 missus
1317 3119 1406 3176 bis
1437 3119 1590 3176 mille
1620 3119 1878 3193 sagittae,

514 3211 611 3269 vix
639 3211 816 3268 etiam
845 3226 1047 3267 cursus
1075 3210 1425 3284 quingentos
1453 3227 1630 3284 saepe
1658 3209 1876 3266 veruti:

516 3301 668 3360 inter
693 3318 800 3358 eos
828 3300 1130 3374 solemque
1159 3300 1353 3357 iacent
1380 3300 1658 3357 immania
1683 3302 1849 3375 ponti
2235 3316 2335 3363 410

516 3409 779 3466 aequora
806 3392 1093 3449 substrata
1118 3390 1387 3449 aetheriis
1412 3390 1744 3466 ingentibus
1772 3390 1906 3460 oris,

516 3482 941 3558 interiectaque
971 3490 1106 3540 sunt
1133 3491 1413 3539 terrarum
1442 3482 1599 3539 milia
1621 3481 1805 3540 multa

514 3590 671 3651 quae
699 3573 890 3633 variae
917 3574 1169 3631 retinent
1194 3583 1400 3648 gentes
1427 3582 1486 3631 et
1513 3573 1705 3631 saecla
1733 3572 1998 3629 ferarum.
