2784 3992
254 3948 319 3951 i

517 337 539 381 1
554 334 633 399 72
1152 329 1617 383 LUCRETlus
2225 330 2325 402 [v.

506 492 733 551 solliciti
762 501 955 550 motus
984 491 1142 549 hunc
1172 491 1400 566 possint
1429 491 1574 549 ferre
1605 490 1883 565 laborem,

505 602 581 640 an
608 583 882 640 divinitus
910 591 1149 640 aeterna
1176 580 1397 639 donata
1425 582 1607 639 salute
2193 603 2317 654 1215

504 685 788 747 perpetuo
818 674 1042 747 possint
1070 672 1197 729 aevi
1226 672 1481 730 labentia
1509 682 1696 730 tractu

505 764 751 821 inmensi
778 762 997 821 validas
1026 763 1153 820 aevi
1180 763 1562 820 contemnere
1590 762 1741 821 viris,
1807 810 1809 813 <

507 863 807 929 praeterea
834 854 932 912 cui
961 872 1084 911 non
1112 854 1339 911 animus
1369 852 1681 911 formidine
1712 851 1912 911 divum

508 944 879 1015 contrahitur,
911 944 1008 1002 cui
1037 962 1158 1002 non
1188 953 1506 1018 correpunt
1532 944 1798 1001 membra
1824 961 2061 1018 pavore,

507 1035 759 1092 fulminis
788 1033 1044 1092 horribili
1072 1052 1210 1091 cum
1237 1035 1410 1109 plaga
1436 1033 1656 1092 torrida
1683 1034 1852 1092 tellus
2201 1056 2326 1091 1220

505 1125 813 1183 contremit
842 1134 901 1182 et
930 1142 1208 1201 magnum
1238 1134 1583 1199 percurrunt
1610 1139 1906 1182 murmura
1933 1124 2207 1184 caelum?

505 1234 626 1274 non
655 1215 857 1291 populi
883 1226 1209 1290 gentesque
1240 1216 1513 1287 tremunt,
1543 1233 1826 1290 regesque
1857 1216 2094 1291 superbi

505 1307 824 1381 corripiunt
852 1306 1053 1363 divum
1083 1306 1344 1381 percussi
1374 1307 1644 1364 membra
1669 1306 1897 1380 timore,

505 1396 727 1472 nequid
756 1397 835 1455 ob
865 1396 1183 1455 admissum
1213 1396 1387 1453 foede
1421 1396 1718 1454 dictumve
1749 1397 2000 1472 superbe

505 1505 827 1563 poenarum
855 1506 1027 1562 grave
1057 1488 1129 1545 sit
1156 1486 1423 1545 solvendi
1453 1498 1684 1562 tempus
1712 1486 2020 1545 adultum?
2201 1506 2322 1557 1225

506 1596 735 1635 summa
754 1578 930 1635 etiam
959 1596 1097 1635 curn
1126 1578 1209 1636 vis
1236 1578 1477 1637 violenti
1503 1595 1611 1652 per
1636 1596 1794 1635 mare
1823 1578 1984 1636 venti

505 1668 979 1742 induperatorem
1007 1669 1203 1726 classis
1232 1686 1408 1743 super
1435 1686 1696 1742 aequora
1721 1668 1894 1725 verrit

507 1778 641 1816 cum
670 1757 873 1816 validis
902 1758 1116 1833 pariter
1143 1758 1469 1833 legionibus
1499 1768 1676 1832 atque
1706 1758 2050 1833 elephantiS,

506 1868 628 1908 non
656 1848 855 1907 divom
884 1866 1098 1923 pacem
1126 1848 1275 1906 votis
1304 1848 1428 1906 adit
1455 1866 1526 1905 ac
1556 1866 1730 1923 prece
1761 1850 1987 1922 quaesit

506 1950 811 1998 ventorum
838 1938 1083 2014 pavidus
1111 1956 1290 2013 paces
1318 1938 1661 2013 animasque
1681 1938 1993 2011 secundaS,
2200 1958 2325 2010 1230

506 2032 884 2105 nequiquam,
915 2030 1196 2104 quoniam
1224 2029 1482 2087 violento
1513 2031 1740 2088 turbine
1771 2048 1946 2105 saepe

479 2130 809 2196 ‚correptus
838 2121 957 2178 nilo
986 2121 1164 2177 fertur
1194 2120 1383 2178 minus
1415 2119 1493 2177 ad
1520 2120 1672 2177 vada
1698 2120 1838 2178 leti?

508 2229 693 2287 usque
722 2209 876 2268 adeo
906 2230 997 2268 res
1027 2211 1309 2268 humanas
1338 2211 1422 2270 vis
1452 2210 1653 2269 abdita
1679 2211 1973 2285 quaedam

518 2303 720 2377 apterit
749 2311 809 2359 et
836 2301 1111 2376 pulchros
1140 2302 1309 2358 fascis
1339 2319 1656 2376 saevasque
1687 2319 1920 2361 secures

509 2394 845 2467 proculcare
875 2410 946 2449 ac
975 2391 1224 2449 ludibrio
1254 2392 1364 2450 sibi
1392 2392 1607 2450 habere
1636 2391 1878 2451 videtur.
2201 2410 2318 2465 1²35

510 2484 763 2557 denique
793 2483 902 2541 sub
931 2481 1181 2557 pedibus
1212 2482 1377 2541 tellus
1408 2501 1543 2539 cum
1574 2493 1698 2540 tota
1725 2483 1953 2541 vacillat

510 2592 951 2649 concussaeque
982 2572 1202 2630 cadunt
1230 2574 1403 2631 urbes
1433 2573 1766 2649 dubiaeque
1797 2575 2107 2646 minantur,

512 2664 653 2739 quid
682 2666 892 2723 mirum
921 2664 969 2723 si
996 2682 1060 2721 se
1089 2673 1358 2721 temnunt
1387 2665 1650 2722 mortalia
1677 2665 1867 2721 saecla

512 2766 685 2830 atque
714 2756 1015 2831 potestatis
1045 2762 1284 2830 magnas
1314 2755 1603 2829 mirasque
1631 2754 1924 2829 relinqunt

512 2847 572 2904 in
599 2848 770 2905 rebus
798 2847 927 2905 viris
959 2846 1178 2917 divum,
1208 2864 1360 2920 quae
1390 2855 1609 2903 cuncta
1628 2846 1996 2920 gubernent?
2201 2866 2320 2914 1240

595 2935 773 3010 Quod
795 2946 1073 3011 superest,
1093 2955 1192 2994 aes
1214 2946 1388 3011 atque
1405 2954 1606 2993 aurum
1626 2935 1957 3011 ferrumque
1978 2945 2320 3011 repertumst

513 3038 571 3085 et
598 3027 766 3085 simul
794 3027 1013 3104 argenti
1041 3026 1277 3101 pondus
1306 3028 1648 3103 plumbique
1677 3036 1955 3102 potestas,

513 3119 661 3195 ignis
693 3119 789 3176 ubi
817 3118 1066 3193 ingentis
1096 3119 1263 3175 silvas
1292 3117 1499 3175 ardore
1528 3127 1810 3175 cremarat

514 3210 809 3268 montibus
838 3210 897 3266 in
927 3210 1171 3284 magniS,
1204 3226 1306 3265 seu
1336 3208 1484 3265 caeli
1511 3208 1751 3265 fulmine
1781 3209 1975 3279 misso,

514 3302 634 3359 sive
663 3300 824 3375 quod
854 3302 1002 3358 inter
1029 3318 1092 3357 se
1122 3299 1340 3357 bellum
1368 3299 1622 3356 silvestre
1651 3308 1920 3373 gerentes
2200 3313 2313 3368 1245

515 3391 777 3448 hostibus
805 3391 1113 3449 intulerant
1142 3392 1336 3464 ignem
1367 3388 1690 3447 formidinis
1719 3408 1877 3465 erg0,

515 3481 634 3537 sive
664 3479 827 3553 quod
855 3479 1079 3537 inducti
1106 3491 1291 3537 terrae
1319 3480 1580 3537 bonitate
1610 3481 1883 3539 volebant

516 3570 774 3643 pandere
803 3587 970 3643 agros
998 3570 1227 3645 pinguis
1258 3580 1315 3627 et
1344 3571 1562 3644 paScua
1590 3570 1836 3629 reddere
1865 3590 2012 3643 rura,
