2784 3992
497 302 631 371 vr]
977 302 1086 354 DE
1138 302 1432 356 RERUM
1487 301 1833 357 NATURA
2185 308 2297 371 191

496 464 719 521 mittere
734 464 763 521 Ρ
803 481 881 521 an
908 462 1025 520 hoc
1052 462 1205 523 ausis
1234 482 1556 539 numquam
1585 463 1946 524 contendere
1975 466 2211 539 factum,

496 565 557 611 ut
584 554 791 612 fierent
819 555 968 613 ictus
996 572 1117 612 uno
1146 555 1254 613 sub
1282 564 1549 631 tempore
1577 555 1812 630 plures?

492 654 551 702 at
578 656 807 719 saepest
835 662 1084 703 numero
1113 645 1330 703 factum
1358 645 1600 721 fierique
1629 656 1944 720 necessest,

492 745 556 793 ut
583 735 781 811 pluere
811 736 871 792 in
900 736 1093 794 multis
1121 736 1457 811 regionibus
1485 745 1546 795 et
1573 736 1782 795 cadere
1814 738 2028 811 imbris,
2207 757 2302 812 415

492 826 730 885 fulmina
756 828 840 885 sic
868 845 989 884 uno
1016 826 1141 884 fieri
1170 828 1279 885 sub
1307 836 1575 904 tempore
1603 829 1802 887 multa.

490 927 786 993 postremo
813 936 921 975 cur
947 928 1148 976 sancta
1176 917 1353 976 deum
1384 918 1629 978 delubra
1655 938 1906 996 suasque

480 1007 724 1066 'discutit
749 1007 962 1067 infesto
990 1008 1313 1084 praeclaras
1344 1009 1582 1069 fulmine
1613 1010 1784 1069 sedes

490 1110 548 1159 et
574 1101 726 1159 bene
754 1101 909 1159 facta
936 1100 1114 1159 deum
1145 1101 1353 1177 frangit
1382 1104 1687 1161 simulacra
1715 1105 1950 1179 suisque

489 1190 673 1249 demit
698 1192 1045 1268 imaginibus
1071 1192 1329 1251 violento
1359 1194 1594 1251 volnere
1625 1194 1956 1252 honorem?
2203 1216 2304 1262 420

487 1281 716 1357 altaque
745 1302 849 1339 cur
874 1283 1218 1358 plerumque
1246 1284 1393 1358 petit
1421 1284 1553 1342 loca
1579 1285 1941 1360 plurimaque
1973 1285 2099 1343 eius

486 1374 780 1432 montibus
809 1374 869 1430 in
898 1374 1137 1431 summis
1165 1375 1407 1449 vestigia
1432 1376 1724 1433 cernimus
1753 1375 1943 1449 ignis?

567 1462 748 1538 Quod
776 1475 1056 1539 superest,
1088 1464 1308 1523 facilest
1335 1483 1409 1523 ex
1439 1466 1525 1523 his
1554 1484 1913 1541 cognoscere
1944 1467 2138 1541 rebus,

485 1563 768 1630 presteras
797 1555 938 1613 Grai
964 1573 1113 1630 quos
1142 1556 1217 1613 ab
1244 1574 1305 1613 re
1334 1555 1772 1628 nominitarunt,

487 1645 545 1704 in
574 1664 735 1703 mare
764 1664 883 1721 qua
908 1646 1066 1703 missi
1094 1646 1329 1703 veniant
1355 1647 1876 1721 ratione'superne.
2201 1664 2298 1719 425

485 1755 622 1795 nam
650 1737 715 1795 fit
742 1745 805 1794 ut
834 1736 1125 1795 interdum
1152 1747 1450 1812 tamquam
1481 1737 1735 1795 demissa
1763 1737 2041 1796 columna

485 1827 544 1885 in
570 1846 729 1885 mare
758 1826 834 1885 de
863 1826 1029 1885 caelo
1058 1826 1400 1900 descendat,
1430 1846 1606 1902 quam
1637 1829 1780 1886 freta
1808 1828 2030 1886 circum

485 1919 812 1977 fervescunt
838 1918 1085 1994 graviter
1112 1918 1463 1993 spirantibus
1493 1920 1670 1977 incita
1698 1919 1907 1992 flabriS,

484 2019 544 2067 et
570 2027 981 2085 quaecumque
1012 2009 1073 2067 in
1102 2027 1177 2067 eo
1205 2019 1329 2067 tum
1359 2010 1475 2067 sint
1502 2009 1792 2085 deprensa
1820 2011 2071 2069 tumultu

483 2100 709 2176 navigia
735 2100 794 2157 in
822 2119 1115 2158 summum
1146 2100 1383 2158 veniant
1410 2110 1618 2158 vexata
1645 2101 1946 2175 periclum.
2199 2122 2299 2172 430

483 2191 597 2249 hoc
626 2191 692 2248 fit
719 2190 819 2249 ubi
848 2190 1140 2249 interdum
1170 2209 1290 2249 non
1322 2190 1446 2265 quit
1475 2192 1558 2256 vis
1587 2192 1763 2249 incita
1791 2192 1948 2250 venti

482 2299 750 2357 rumpere
780 2267 955 2356 quam
987 2281 1183 2356 coepit
1211 2281 1452 2353 nubem,
1483 2280 1589 2339 sed
1619 2280 1911 2356 deprimit,
1943 2291 2006 2340 ut
2035 2284 2110 2340 sit

482 2372 543 2429 in
570 2390 727 2430 mare
756 2371 835 2430 de
864 2372 1029 2430 caelo
1057 2382 1356 2447 tamquam
1374 2371 1642 2429 'demissa
1669 2372 1961 2445 columna,

480 2462 776 2538 paulatim,
806 2463 972 2538 quasi
1001 2462 1145 2538 quid
1172 2480 1373 2538 pugno
1403 2462 1758 2538 bracchique
1789 2482 2039 2539 superne

482 2554 755 2612 coniectu
783 2552 1046 2611 trudatur
1073 2563 1133 2611 et
1161 2552 1508 2611 extendatur
1534 2554 1593 2611 in
1623 2553 1811 2612 undas
1832 2574 1850 2626 3
2198 2571 2294 2625 435

481 2662 661 2720 quam
690 2662 827 2702 cum
854 2643 1108 2716 discidit,
1138 2644 1275 2701 hinc
1305 2644 1700 2719 prorumpitur
1725 2644 1786 2701 in
1816 2663 1974 2703 mare
2003 2644 2163 2702 venti

479 2734 565 2793 vis
592 2743 651 2792 et
677 2734 964 2793 fervor‘em
994 2734 1200 2791 mirum
1230 2734 1548 2793 concinnat
1575 2734 1635 2792 in
1666 2734 1838 2793 undis
1858 2755 1876 2807 ;

480 2824 877 2883 versabundus
906 2825 1063 2883 enim
1094 2825 1265 2883 turbo
1294 2824 1604 2883 descendit
1632 2834 1691 2883 et
1721 2825 1874 2883 illam

480 2914 725 2974 deducit
749 2916 964 2991 pariter
990 2916 1150 2975 lento
1177 2935 1314 2974 cum
1345 2934 1592 2991 corpore
1621 2916 1837 2974 nubem
1863 2937 1879 2988 ;

482 3025 657 3081 quam
687 3006 858 3065 simul
884 3025 955 3064 ac
983 3006 1281 3082 gravidam
1308 3006 1552 3065 detrusit
1578 3005 1654 3064 ad
1683 3025 1939 3081 aequora
1967 3007 2155 3081 ponti,
2197 3028 2297 3076 440

482 3097 576 3155 ille
605 3097 664 3155 in
691 3115 904 3171 aquam
935 3097 1128 3155 subito
1156 3107 1343 3156 totum
1375 3116 1438 3155 se
1468 3097 1706 3155 inmittit
1733 3106 1793 3155 et
1823 3115 1999 3155 omne

482 3189 696 3246 excitat
725 3188 943 3264 ingenti
974 3188 1167 3246 sonitu
1197 3206 1355 3246 mare
1385 3188 1606 3245 fervere
1636 3179 1877 3263 cogensJ

483 3279 547 3337 fit
575 3296 811 3354 quoque
840 3289 905 3336 ut
936 3278 1185 3338 involvat
1211 3279 1367 3337 venti
1398 3297 1459 3337 se
1489 3279 1741 3336 nubibus
1770 3279 1895 3353 ipse

482 3379 679 3428 vertex
705 3368 1035 3428 conradens
1065 3388 1140 3427 ex
1166 3372 1301 3427 aere
1332 3370 1560 3427 semina
1588 3369 1758 3426 nubis

483 3470 546 3519 et
572 3460 739 3535 quasi
766 3459 1085 3519 demissum
1115 3461 1281 3519 caelo
1311 3470 1567 3535 prestera
1596 3460 1867 3517 imitetur.
2197 3475 2292 3527 445

483 3550 578 3610 hic
605 3551 707 3609 ubi
735 3568 798 3608 se
827 3550 888 3609 in
916 3560 1095 3609 terras
1122 3550 1355 3608 demisit
1384 3550 1784 3623 dissoluitque‚
