2784 3992
569 349 691 397 120
1222 346 1686 401 LUCRETms
2231 344 2368 415 [ιν.

559 525 695 566 nam
722 509 953 584 penitus
982 508 1159 566 fluere
1188 516 1363 583 atque
1390 506 1670 565 recedere
1697 506 1872 565 rebus
1898 503 2114 565 odores
2271 512 2369 580 695

558 599 843 673 significat
870 599 1033 674 quod
1063 600 1242 656 fracta
1270 598 1453 673 magis
1481 597 1745 656 redolere
1774 596 2046 655 videntur

557 690 771 762 omnia,
803 688 966 763 quod
995 690 1263 761 contrita,
1296 688 1459 762 quod
1489 688 1607 763 igni
1636 687 2072 746 conlabefacta:

556 778 773 837 deinde
801 779 1001 837 videre
1029 779 1167 835 licet
1195 780 1508 836 maioribus
1538 796 1664 836 esse
1696 787 1954 835 creatum

555 870 853 945 principiis
883 888 1061 943 quam
1091 886 1221 939 vox,
1253 870 1531 942 quoniam
1561 886 1667 943 per
1694 885 1871 925 saxea
1901 876 2104 942 saepta

554 978 677 1018 non
705 969 989 1035 penetrat,
1020 978 1138 1034 qua
1164 978 1281 1017 vox
1306 959 1480 1035 volgo
1509 960 1848 1034 sonitusque
1880 958 2158 1016 feruntur.
2276 978 2373 1025 700

556 1068 735 1125 quare
763 1051 939 1108 etiam
967 1049 1130 1125 quod
1159 1050 1277 1107 olet
1304 1068 1429 1107 non
1457 1059 1576 1107 tam
1603 1049 1770 1107 facile
1801 1066 1929 1107 esse
1958 1048 2186 1107 videbis

555 1141 897 1216 investigare
926 1143 986 1198 in
1015 1158 1132 1215 qua
1159 1140 1232 1198 sit
1257 1140 1495 1215 regione
1523 1140 1777 1198 locatum
1799 1161 1817 1213 3

554 1232 873 1307 refrigescit
900 1232 1059 1289 enim
1090 1230 1426 1301 cunqtando
1456 1230 1627 1306 plaga
1653 1248 1759 1305 per
1784 1248 1952 1288 auras

554 1340 668 1379 nec
698 1322 887 1379 calida
912 1320 989 1379 ad
1018 1340 1257 1380 sensum
1285 1320 1603 1379 decurrunt
1632 1321 1834 1379 nuntia
1862 1339 2072 1379 rerum.

556 1421 747 1471 errant
774 1428 950 1486 saepe
980 1430 1157 1469 canes
1186 1413 1382 1485 itaque
1413 1421 1472 1469 et
1498 1412 1740 1486 vestigia
1767 1421 2072 1486 quaerunt.
2275 1431 2368 1484 705

639 1501 730 1579 [N
736 1520 807 1560 ec
836 1511 1033 1559 tamen
1065 1502 1181 1560 hoc
1210 1502 1346 1559 solis
1375 1502 1437 1558 in
1467 1500 1744 1561 odoribus
1775 1512 1951 1577 atque
1981 1520 2258 1578 saporum

554 1593 615 1651 in
642 1601 930 1667 generest,
957 1591 1067 1650 >sed
1096 1592 1235 1650 item
1266 1591 1493 1667 species
1520 1610 1713 1650 rerum
1742 1602 1919 1670 atque
1950 1594 2175 1652 colores

554 1692 675 1741 non
706 1684 787 1741 ita
813 1683 1173 1741 conveniunt
1201 1681 1278 1739 ad
1307 1700 1514 1741 sensus
1543 1684 1816 1742 omnibus
1846 1702 2073 1755 omneS,

554 1783 619 1831 ut
645 1791 768 1831 non
796 1774 911 1832 sint
937 1774 1061 1831 aliis
1091 1772 1386 1848 quaedam
1416 1774 1599 1848 magis
1626 1775 1782 1831 acria
1807 1775 1953 1833 visu.

553 1864 696 1939 quin
725 1864 900 1923 etiam
928 1866 1161 1941 gallum,
1191 1874 1435 1923 noctem
1463 1863 1950 1939 explaudentibus
1979 1866 2083 1924 alis
2279 1886 2375 1933 710

552 1974 818 2013 auroram
848 1955 1003 2013 clara
1029 1965 1378 2014 consuetum
1407 1973 1556 2013 voce
1584 1973 1814 2028 vocare,

552 2065 750 2104 noenu
779 2056 1004 2121 queunt
1031 2046 1217 2105 rabidi
1246 2057 1451 2105 contra
1478 2056 1746 2105 constare
1775 2047 1977 2106 leones

554 2138 732 2214 inque
761 2138 947 2196 tueri:
992 2139 1069 2197 ita
1098 2139 1380 2197 continuo
1410 2138 1730 2195 meminere
1759 2138 1932 2213 fugai,

552 2229 824 2287 nimirum
854 2229 993 2304 quia
1020 2238 1155 2287 sunt
1180 2229 1464 2305 gallorum
1494 2229 1553 2287 in
1582 2247 1830 2304 corpore
1859 2227 2154 2305 quaedam

554 2319 795 2392 semina,
826 2338 978 2396 quae
1008 2338 1144 2377 cum
1174 2329 1309 2377 sunt
1338 2320 1524 2379 oculis
1552 2320 1792 2379 inmissa
1819 2320 2078 2393 leonum,
2278 2334 2373 2393 715

553 2410 801 2485 pupillas
830 2410 1211 2469 interfodiunt
1238 2428 1553 2485 acremque
1584 2410 1851 2469 dolorem

554 2501 855 2576 praebent,
885 2512 949 2559 ut
974 2510 1274 2575 nequeant
1302 2511 1508 2559 contra
1536 2501 1744 2560 durare
1773 2503 1998 2560 feroces
2019 2520 2040 2573 3

555 2610 693 2649 cum
721 2601 917 2649 tamen
944 2591 1092 2649 haec
1120 2600 1349 2650 nostras
1376 2592 1536 2650 acies
1561 2592 1644 2649 nil
1670 2591 1903 2649 laedere
1931 2590 2172 2666 possint,

554 2693 654 2740 aut
682 2684 820 2758 quia
846 2700 968 2741 non
997 2692 1306 2757 penetrant
1334 2692 1436 2740 aut
1465 2681 1630 2757 quod
1657 2682 2095 2758 penetrantibus
2123 2681 2231 2740 illis

557 2774 745 2831 exitus
775 2792 847 2831 ex
878 2772 1059 2831 oculis
1086 2773 1232 2832 liber
1260 2773 1450 2845 datur,
1481 2774 1540 2830 in
1568 2772 1920 2831 remorando
2281 2792 2376 2840 7²0

556 2863 787 2921 laedere
818 2882 893 2921 00
923 2864 1149 2938 possint
1178 2882 1252 2922 ex
1280 2864 1395 2922 ulla
1421 2863 1643 2921 lumina
1669 2862 1888 2942 parte.]

640 2954 817 3011 Nunc
844 2972 950 3029 age
982 2972 1133 3028 quae
1163 2964 1441 3014 moveant
1468 2955 1730 3013 animum
1758 2973 1850 3013 res
1878 2954 2103 3029 accipe,
2127 2964 2187 3012 et
2215 2952 2375 3012 unde

557 3062 708 3118 quae
738 3045 979 3102 veniunt
1008 3046 1245 3104 veniant
1274 3046 1334 3103 in
1364 3055 1626 3104 mentem
1657 3046 1896 3121 percipe
1925 3045 2145 3120 paucis,

557 3134 845 3210 principio
874 3136 991 3193 hoc
1021 3135 1178 3209 dico,
1208 3155 1402 3195 rerum
1433 3137 1739 3195 simulacra
1765 3136 1956 3212 vagari
2066 3148 2073 3154 ‘

558 3226 738 3282 multa
766 3225 957 3284 modis
987 3228 1181 3285 multis
1208 3228 1271 3284 in
1299 3236 1542 3284 cunctas
1575 3226 1837 3301 undique
1865 3225 2043 3301 partis
2280 3240 2370 3296 725

557 3315 768 3386 tenvia,
801 3333 953 3390 quae
983 3317 1149 3374 facile
1179 3317 1329 3375 inter
1358 3334 1421 3375 se
1452 3317 1767 3392 iunguntur
1793 3317 1853 3374 in
1881 3316 2052 3387 auriS,

558 3405 729 3463 obvia
758 3423 894 3464 cum
921 3406 1179 3476 veniunt,
1210 3417 1275 3465 ut
1303 3425 1514 3465 aranea
1542 3407 1880 3483 bratteaque
1909 3406 2050 3464 auri.

560 3496 778 3571 quippe
808 3497 1027 3554 etenim
1056 3498 1240 3555 multo
1268 3498 1452 3573 magis
1481 3498 1629 3556 haec
1659 3507 1791 3555 sunt
1818 3497 2014 3555 tenvia
2039 3504 2204 3554 textu

560 3604 737 3659 quam
766 3605 917 3661 quae
946 3588 1278 3663 percipiunt
1307 3589 1513 3646 oculos
1542 3589 1845 3662 visumque
1874 3587 2185 3657 lacessunt,
