<?xml version="1.0" encoding="UTF-8"?>
<!DOCTYPE html PUBLIC "-//W3C//DTD XHTML 1.0 Transitional//EN"
    "http://www.w3.org/TR/xhtml1/DTD/xhtml1-transitional.dtd">
<html xmlns="http://www.w3.org/1999/xhtml" xml:lang="en" lang="en">
 <head>
  <title>
</title>
<meta http-equiv="Content-Type" content="text/html;charset=utf-8" />
  <meta name='ocr-system' content='tesseract 3.04.00' />
  <meta name='ocr-capabilities' content='ocr_page ocr_carea ocr_par ocr_line ocrx_word'/>
</head>
<body>
  <div class='ocr_page' id='page_1' title='image "./tlucreticarider06unkngoog_0093.png"; bbox 0 0 2784 3992; ppageno 0'>
   <div class='ocr_carea' id='block_1_1' title="bbox 556 286 2354 363">
    <p class='ocr_par' dir='ltr' id='par_1_1' title="bbox 556 286 2354 363">
     <span class='ocr_line' id='line_1_1' title="bbox 556 286 2354 363; baseline 0.004 -19"><span class='ocrx_word' id='word_1_1' title='bbox 556 290 634 363; x_wconf 91' lang='lat'><strong>1.]</strong></span> <span class='ocrx_word' id='word_1_2' title='bbox 736 332 743 339; x_wconf 87' lang='lat'><strong>.</strong></span> <span class='ocrx_word' id='word_1_3' title='bbox 1030 292 1139 344; x_wconf 85' lang='lat' dir='ltr'><strong>DE</strong></span> <span class='ocrx_word' id='word_1_4' title='bbox 1190 290 1484 345; x_wconf 84' lang='lat' dir='ltr'>RERUM</span> <span class='ocrx_word' id='word_1_5' title='bbox 1543 291 1888 345; x_wconf 80' lang='lat' dir='ltr'>NATURA</span> <span class='ocrx_word' id='word_1_6' title='bbox 2282 286 2354 351; x_wconf 83' lang='lat'><strong>31</strong></span> 
     </span>
    </p>
   </div>
   <div class='ocr_carea' id='block_1_2' title="bbox 462 449 2358 3619">
    <p class='ocr_par' dir='ltr' id='par_1_2' title="bbox 462 449 2358 3619">
     <span class='ocr_line' id='line_1_2' title="bbox 548 449 2160 528; baseline 0.001 -19"><span class='ocrx_word' id='word_1_7' title='bbox 548 470 663 510; x_wconf 91' lang='lat' dir='ltr'><strong>nec</strong></span> <span class='ocrx_word' id='word_1_8' title='bbox 690 452 895 527; x_wconf 88' lang='lat' dir='ltr'>plagae</span> <span class='ocrx_word' id='word_1_9' title='bbox 922 460 1168 528; x_wconf 89' lang='lat' dir='ltr'><strong>possunt</strong></span> <span class='ocrx_word' id='word_1_10' title='bbox 1194 452 1551 509; x_wconf 85' lang='lat' dir='ltr'><strong>extrinsecus</strong></span> <span class='ocrx_word' id='word_1_11' title='bbox 1579 449 1840 527; x_wconf 90' lang='lat' dir='ltr'><strong>undique</strong></span> <span class='ocrx_word' id='word_1_12' title='bbox 1869 468 2160 511; x_wconf 86' lang='lat' dir='ltr'><strong>summam</strong></span> 
     </span>
     <span class='ocr_line' id='line_1_3' title="bbox 462 542 2074 618; baseline -0.001 -14"><span class='ocrx_word' id='word_1_13' title='bbox 462 594 473 605; x_wconf 94' lang='lat'><strong>.</strong></span> <span class='ocrx_word' id='word_1_14' title='bbox 549 561 892 601; x_wconf 89' lang='lat' dir='ltr'><strong>conservare</strong></span> <span class='ocrx_word' id='word_1_15' title='bbox 922 561 1161 601; x_wconf 89' lang='lat' dir='ltr'><strong>omnem</strong></span> <span class='ocrx_word' id='word_1_16' title='bbox 1189 560 1599 618; x_wconf 88' lang='lat' dir='ltr'><strong>quaecumque</strong></span> <span class='ocrx_word' id='word_1_17' title='bbox 1629 552 1718 600; x_wconf 92' lang='lat' dir='ltr'><strong>est</strong></span> <span class='ocrx_word' id='word_1_18' title='bbox 1746 542 2074 603; x_wconf 88' lang='lat' dir='ltr'><strong>conciliata.</strong></span> 
     </span>
     <span class='ocr_line' id='line_1_4' title="bbox 546 632 2090 709; baseline 0 -18"><span class='ocrx_word' id='word_1_19' title='bbox 546 632 765 692; x_wconf 90' lang='lat' dir='ltr'><strong>cudere</strong></span> <span class='ocrx_word' id='word_1_20' title='bbox 794 634 953 691; x_wconf 90' lang='lat' dir='ltr'><strong>enim</strong></span> <span class='ocrx_word' id='word_1_21' title='bbox 980 633 1186 691; x_wconf 85' lang='lat' dir='ltr'><strong>crebro</strong></span> <span class='ocrx_word' id='word_1_22' title='bbox 1213 642 1460 709; x_wconf 86' lang='lat' dir='ltr'><strong>possunt</strong></span> <span class='ocrx_word' id='word_1_23' title='bbox 1485 642 1831 707; x_wconf 86' lang='lat' dir='ltr'><strong>partemque</strong></span> <span class='ocrx_word' id='word_1_24' title='bbox 1862 634 2090 707; x_wconf 88' lang='lat' dir='ltr'><strong>morari,</strong></span> 
     </span>
     <span class='ocr_line' id='line_1_5' title="bbox 544 723 2357 799; baseline -0.002 -16"><span class='ocrx_word' id='word_1_25' title='bbox 544 723 689 783; x_wconf 89' lang='lat' dir='ltr'><strong>dum</strong></span> <span class='ocrx_word' id='word_1_26' title='bbox 717 724 955 783; x_wconf 88' lang='lat' dir='ltr'><strong>veniant</strong></span> <span class='ocrx_word' id='word_1_27' title='bbox 981 724 1125 781; x_wconf 83' lang='lat' dir='ltr'><strong>aliae</strong></span> <span class='ocrx_word' id='word_1_28' title='bbox 1153 741 1225 781; x_wconf 91' lang='lat' dir='ltr'><strong>ac</strong></span> <span class='ocrx_word' id='word_1_29' title='bbox 1248 724 1504 799; x_wconf 88' lang='lat' dir='ltr'><strong>suppleri</strong></span> <span class='ocrx_word' id='word_1_30' title='bbox 1533 741 1762 782; x_wconf 87' lang='lat' dir='ltr'><strong>summa</strong></span> <span class='ocrx_word' id='word_1_31' title='bbox 1788 733 2050 799; x_wconf 88' lang='lat' dir='ltr'><strong>queatur.</strong></span> <span class='ocrx_word' id='word_1_32' title='bbox 2233 740 2357 796; x_wconf 78' lang='lat'>10⁴5</span> 
     </span>
     <span class='ocr_line' id='line_1_6' title="bbox 544 814 1849 890; baseline -0.002 -17"><span class='ocrx_word' id='word_1_33' title='bbox 544 814 835 873; x_wconf 88' lang='lat' dir='ltr'><strong>interdum</strong></span> <span class='ocrx_word' id='word_1_34' title='bbox 856 815 1070 873; x_wconf 89' lang='lat' dir='ltr'><strong>resilire</strong></span> <span class='ocrx_word' id='word_1_35' title='bbox 1099 824 1297 873; x_wconf 88' lang='lat' dir='ltr'><strong>tamen</strong></span> <span class='ocrx_word' id='word_1_36' title='bbox 1325 822 1618 890; x_wconf 88' lang='lat' dir='ltr'><strong>coguntur</strong></span> <span class='ocrx_word' id='word_1_37' title='bbox 1645 823 1704 872; x_wconf 93' lang='lat' dir='ltr'><strong>et</strong></span> <span class='ocrx_word' id='word_1_38' title='bbox 1730 832 1849 872; x_wconf 87' lang='lat' dir='ltr'><strong>una</strong></span> 
     </span>
     <span class='ocr_line' id='line_1_7' title="bbox 532 904 1904 982; baseline -0.002 -17"><span class='ocrx_word' id='word_1_39' title='bbox 532 906 839 982; x_wconf 76' lang='lat' dir='ltr'><strong>‚principiis</strong></span> <span class='ocrx_word' id='word_1_40' title='bbox 866 924 1060 964; x_wconf 87' lang='lat' dir='ltr'><strong>rerum</strong></span> <span class='ocrx_word' id='word_1_41' title='bbox 1088 906 1339 981; x_wconf 77' lang='lat' dir='ltr'><strong>spatium</strong></span> <span class='ocrx_word' id='word_1_42' title='bbox 1366 914 1718 981; x_wconf 89' lang='lat' dir='ltr'><strong>tempusque</strong></span> <span class='ocrx_word' id='word_1_43' title='bbox 1747 904 1904 980; x_wconf 73' lang='lat' dir='ltr'><strong>fugai</strong></span> 
     </span>
     <span class='ocr_line' id='line_1_8' title="bbox 542 995 1740 1072; baseline 0.001 -18"><span class='ocrx_word' id='word_1_44' title='bbox 542 996 746 1072; x_wconf 88' lang='lat' dir='ltr'><strong>largiri,</strong></span> <span class='ocrx_word' id='word_1_45' title='bbox 776 1005 840 1054; x_wconf 93' lang='lat' dir='ltr'><strong>ut</strong></span> <span class='ocrx_word' id='word_1_46' title='bbox 866 996 1093 1072; x_wconf 88' lang='lat' dir='ltr'><strong>possint</strong></span> <span class='ocrx_word' id='word_1_47' title='bbox 1119 1015 1155 1054; x_wconf 90' lang='lat' dir='ltr'><strong>a</strong></span> <span class='ocrx_word' id='word_1_48' title='bbox 1181 1005 1357 1055; x_wconf 91' lang='lat' dir='ltr'><strong>coetu</strong></span> <span class='ocrx_word' id='word_1_49' title='bbox 1384 996 1566 1055; x_wconf 89' lang='lat' dir='ltr'><strong>libera</strong></span> <span class='ocrx_word' id='word_1_50' title='bbox 1590 995 1740 1055; x_wconf 87' lang='lat' dir='ltr'><strong>ferri.</strong></span> 
     </span>
     <span class='ocr_line' id='line_1_9' title="bbox 543 1086 2160 1164; baseline -0.001 -19"><span class='ocrx_word' id='word_1_51' title='bbox 543 1106 722 1164; x_wconf 89' lang='lat' dir='ltr'><strong>quare</strong></span> <span class='ocrx_word' id='word_1_52' title='bbox 749 1088 923 1146; x_wconf 89' lang='lat' dir='ltr'><strong>etiam</strong></span> <span class='ocrx_word' id='word_1_53' title='bbox 952 1096 1127 1164; x_wconf 90' lang='lat' dir='ltr'><strong>atque</strong></span> <span class='ocrx_word' id='word_1_54' title='bbox 1159 1088 1336 1145; x_wconf 90' lang='lat' dir='ltr'><strong>etiam</strong></span> <span class='ocrx_word' id='word_1_55' title='bbox 1364 1086 1608 1147; x_wconf 85' lang='lat' dir='ltr'><strong>suboriri</strong></span> <span class='ocrx_word' id='word_1_56' title='bbox 1634 1086 1818 1145; x_wconf 86' lang='lat' dir='ltr'><strong>multa</strong></span> <span class='ocrx_word' id='word_1_57' title='bbox 1843 1094 2160 1159; x_wconf 88' lang='lat' dir='ltr'><strong>necessest,</strong></span> 
     </span>
     <span class='ocr_line' id='line_1_10' title="bbox 540 1177 2357 1255; baseline -0.001 -18"><span class='ocrx_word' id='word_1_58' title='bbox 540 1188 603 1237; x_wconf 85' lang='lat' dir='ltr'><strong>et</strong></span> <span class='ocrx_word' id='word_1_59' title='bbox 626 1188 825 1237; x_wconf 85' lang='lat' dir='ltr'><strong>tamen</strong></span> <span class='ocrx_word' id='word_1_60' title='bbox 853 1188 919 1237; x_wconf 92' lang='lat' dir='ltr'><strong>ut</strong></span> <span class='ocrx_word' id='word_1_61' title='bbox 945 1179 1149 1255; x_wconf 81' lang='lat' dir='ltr'><strong>plagae</strong></span> <span class='ocrx_word' id='word_1_62' title='bbox 1174 1196 1412 1255; x_wconf 92' lang='lat' dir='ltr'><strong>quoque</strong></span> <span class='ocrx_word' id='word_1_63' title='bbox 1434 1178 1660 1254; x_wconf 89' lang='lat' dir='ltr'><strong>possint</strong></span> <span class='ocrx_word' id='word_1_64' title='bbox 1679 1186 1990 1253; x_wconf 89' lang='lat' dir='ltr'><strong>suppetere</strong></span> <span class='ocrx_word' id='word_1_65' title='bbox 2012 1177 2194 1253; x_wconf 85' lang='lat' dir='ltr'><strong>ipsae,</strong></span> <span class='ocrx_word' id='word_1_66' title='bbox 2229 1194 2357 1251; x_wconf 81' lang='lat'>1050</span> 
     </span>
     <span class='ocr_line' id='line_1_11' title="bbox 474 1268 1774 1351; baseline 0 -24"><span class='ocrx_word' id='word_1_67' title='bbox 474 1269 766 1351; x_wconf 51' lang='lat' dir='ltr'><strong>‘jnfinita</strong></span> <span class='ocrx_word' id='word_1_68' title='bbox 793 1287 943 1345; x_wconf 89' lang='lat' dir='ltr'><strong>opus</strong></span> <span class='ocrx_word' id='word_1_69' title='bbox 972 1279 1061 1327; x_wconf 91' lang='lat' dir='ltr'><strong>est</strong></span> <span class='ocrx_word' id='word_1_70' title='bbox 1087 1270 1174 1328; x_wconf 89' lang='lat' dir='ltr'><strong>vis</strong></span> <span class='ocrx_word' id='word_1_71' title='bbox 1202 1268 1465 1344; x_wconf 83' lang='lat' dir='ltr'><strong>undique</strong></span> <span class='ocrx_word' id='word_1_72' title='bbox 1493 1268 1774 1327; x_wconf 86' lang='lat' dir='ltr'><strong>materiai.</strong></span> 
     </span>
     <span class='ocr_line' id='line_1_12' title="bbox 622 1358 2137 1435; baseline -0.001 -17"><span class='ocrx_word' id='word_1_73' title='bbox 622 1359 777 1418; x_wconf 90' lang='lat' dir='ltr'><strong>Illud</strong></span> <span class='ocrx_word' id='word_1_74' title='bbox 804 1360 865 1418; x_wconf 91' lang='lat' dir='ltr'><strong>in</strong></span> <span class='ocrx_word' id='word_1_75' title='bbox 894 1360 982 1418; x_wconf 91' lang='lat' dir='ltr'><strong>his</strong></span> <span class='ocrx_word' id='word_1_76' title='bbox 1008 1361 1181 1419; x_wconf 90' lang='lat' dir='ltr'><strong>rebus</strong></span> <span class='ocrx_word' id='word_1_77' title='bbox 1208 1360 1381 1435; x_wconf 90' lang='lat' dir='ltr'><strong>longe</strong></span> <span class='ocrx_word' id='word_1_78' title='bbox 1410 1360 1545 1435; x_wconf 85' lang='lat' dir='ltr'><strong>suge</strong></span> <span class='ocrx_word' id='word_1_79' title='bbox 1573 1358 1835 1433; x_wconf 88' lang='lat' dir='ltr'><strong>credere,</strong></span> <span class='ocrx_word' id='word_1_80' title='bbox 1865 1358 2137 1433; x_wconf 88' lang='lat' dir='ltr'><strong>Memmi,</strong></span> 
     </span>
     <span class='ocr_line' id='line_1_13' title="bbox 540 1448 2035 1525; baseline -0.002 -15"><span class='ocrx_word' id='word_1_81' title='bbox 540 1451 601 1509; x_wconf 91' lang='lat' dir='ltr'><strong>in</strong></span> <span class='ocrx_word' id='word_1_82' title='bbox 629 1450 895 1510; x_wconf 89' lang='lat' dir='ltr'><strong>medium</strong></span> <span class='ocrx_word' id='word_1_83' title='bbox 922 1470 1202 1523; x_wconf 89' lang='lat' dir='ltr'><strong>summae,</strong></span> <span class='ocrx_word' id='word_1_84' title='bbox 1233 1450 1400 1525; x_wconf 91' lang='lat' dir='ltr'><strong>quod</strong></span> <span class='ocrx_word' id='word_1_85' title='bbox 1428 1449 1650 1522; x_wconf 90' lang='lat' dir='ltr'><strong>dicunt,</strong></span> <span class='ocrx_word' id='word_1_86' title='bbox 1682 1448 1884 1508; x_wconf 89' lang='lat' dir='ltr'><strong>omnia</strong></span> <span class='ocrx_word' id='word_1_87' title='bbox 1909 1448 2035 1523; x_wconf 89' lang='lat' dir='ltr'><strong>niti,</strong></span> 
     </span>
     <span class='ocr_line' id='line_1_14' title="bbox 540 1540 1900 1618; baseline -0.001 -17"><span class='ocrx_word' id='word_1_88' title='bbox 540 1552 717 1618; x_wconf 88' lang='lat' dir='ltr'><strong>atque</strong></span> <span class='ocrx_word' id='word_1_89' title='bbox 746 1541 884 1602; x_wconf 91' lang='lat' dir='ltr'><strong>ideo</strong></span> <span class='ocrx_word' id='word_1_90' title='bbox 910 1542 1117 1601; x_wconf 89' lang='lat' dir='ltr'><strong>mundi</strong></span> <span class='ocrx_word' id='word_1_91' title='bbox 1146 1551 1412 1600; x_wconf 87' lang='lat' dir='ltr'><strong>naturam</strong></span> <span class='ocrx_word' id='word_1_92' title='bbox 1439 1551 1590 1599; x_wconf 88' lang='lat' dir='ltr'><strong>stare</strong></span> <span class='ocrx_word' id='word_1_93' title='bbox 1619 1541 1744 1599; x_wconf 90' lang='lat' dir='ltr'><strong>sine</strong></span> <span class='ocrx_word' id='word_1_94' title='bbox 1772 1540 1900 1599; x_wconf 88' lang='lat' dir='ltr'><strong>ullis</strong></span> 
     </span>
     <span class='ocr_line' id='line_1_15' title="bbox 540 1630 2352 1715; baseline -0.003 -23"><span class='ocrx_word' id='word_1_95' title='bbox 540 1634 751 1693; x_wconf 88' lang='lat' dir='ltr'><strong>ictibus</strong></span> <span class='ocrx_word' id='word_1_96' title='bbox 773 1634 1021 1693; x_wconf 84' lang='lat' dir='ltr'><strong>externis</strong></span> <span class='ocrx_word' id='word_1_97' title='bbox 1049 1650 1243 1715; x_wconf 89' lang='lat' dir='ltr'><strong>neque</strong></span> <span class='ocrx_word' id='word_1_98' title='bbox 1271 1650 1574 1708; x_wconf 84' lang='lat' dir='ltr'><strong>quoquam</strong></span> <span class='ocrx_word' id='word_1_99' title='bbox 1601 1648 1774 1707; x_wconf 91' lang='lat' dir='ltr'><strong>posse</strong></span> <span class='ocrx_word' id='word_1_100' title='bbox 1805 1630 2014 1691; x_wconf 83' lang='lat' dir='ltr'><strong>resolvi</strong></span> <span class='ocrx_word' id='word_1_101' title='bbox 2231 1648 2352 1703; x_wconf 80' lang='lat'>1055</span> 
     </span>
     <span class='ocr_line' id='line_1_16' title="bbox 541 1721 2284 1800; baseline -0.002 -16"><span class='ocrx_word' id='word_1_102' title='bbox 541 1744 771 1784; x_wconf 90' lang='lat' dir='ltr'><strong>summa</strong></span> <span class='ocrx_word' id='word_1_103' title='bbox 797 1735 971 1800; x_wconf 90' lang='lat' dir='ltr'><strong>atque</strong></span> <span class='ocrx_word' id='word_1_104' title='bbox 999 1725 1135 1796; x_wconf 89' lang='lat' dir='ltr'><strong>ima,</strong></span> <span class='ocrx_word' id='word_1_105' title='bbox 1166 1723 1373 1800; x_wconf 91' lang='lat' dir='ltr'><strong>quod</strong></span> <span class='ocrx_word' id='word_1_106' title='bbox 1357 1742 1419 1781; x_wconf 87' lang='lat' dir='ltr'><strong>m</strong></span> <span class='ocrx_word' id='word_1_107' title='bbox 1448 1721 1710 1781; x_wconf 90' lang='lat' dir='ltr'><strong>medium</strong></span> <span class='ocrx_word' id='word_1_108' title='bbox 1740 1722 1856 1780; x_wconf 89' lang='lat' dir='ltr'><strong>sint</strong></span> <span class='ocrx_word' id='word_1_109' title='bbox 1882 1721 2086 1781; x_wconf 89' lang='lat' dir='ltr'><strong>omnia</strong></span> <span class='ocrx_word' id='word_1_110' title='bbox 2111 1721 2284 1781; x_wconf 85' lang='lat' dir='ltr'><strong>nixa·</strong></span> 
     </span>
     <span class='ocr_line' id='line_1_17' title="bbox 540 1811 2034 1893; baseline -0.002 -18"><span class='ocrx_word' id='word_1_111' title='bbox 540 1816 733 1893; x_wconf 87' lang='lat' dir='ltr'><strong>ipsum</strong></span> <span class='ocrx_word' id='word_1_112' title='bbox 762 1816 811 1874; x_wconf 90' lang='lat' dir='ltr'><strong>si</strong></span> <span class='ocrx_word' id='word_1_113' title='bbox 839 1815 1169 1890; x_wconf 90' lang='lat' dir='ltr'><strong>quicquam</strong></span> <span class='ocrx_word' id='word_1_114' title='bbox 1184 1831 1359 1889; x_wconf 90' lang='lat' dir='ltr'><strong>posse</strong></span> <span class='ocrx_word' id='word_1_115' title='bbox 1388 1813 1450 1871; x_wconf 92' lang='lat' dir='ltr'><strong>in</strong></span> <span class='ocrx_word' id='word_1_116' title='bbox 1477 1831 1542 1872; x_wconf 87' lang='lat' dir='ltr'><strong>se</strong></span> <span class='ocrx_word' id='word_1_117' title='bbox 1571 1813 1769 1872; x_wconf 87' lang='lat' dir='ltr'><strong>sistere</strong></span> <span class='ocrx_word' id='word_1_118' title='bbox 1799 1811 2034 1872; x_wconf 88' lang='lat' dir='ltr'><strong>credis·</strong></span> 
     </span>
     <span class='ocr_line' id='line_1_18' title="bbox 540 1904 2048 1983; baseline -0.001 -18"><span class='ocrx_word' id='word_1_119' title='bbox 540 1917 601 1965; x_wconf 92' lang='lat' dir='ltr'><strong>et</strong></span> <span class='ocrx_word' id='word_1_120' title='bbox 628 1924 779 1983; x_wconf 89' lang='lat' dir='ltr'><strong>quae</strong></span> <span class='ocrx_word' id='word_1_121' title='bbox 807 1904 1071 1982; x_wconf 89' lang='lat' dir='ltr'><strong>pondera</strong></span> <span class='ocrx_word' id='word_1_122' title='bbox 1098 1913 1233 1964; x_wconf 91' lang='lat' dir='ltr'><strong>sunt</strong></span> <span class='ocrx_word' id='word_1_123' title='bbox 1260 1905 1369 1964; x_wconf 92' lang='lat' dir='ltr'><strong>sub</strong></span> <span class='ocrx_word' id='word_1_124' title='bbox 1397 1904 1560 1963; x_wconf 89' lang='lat' dir='ltr'><strong>terris</strong></span> <span class='ocrx_word' id='word_1_125' title='bbox 1589 1905 1791 1963; x_wconf 88' lang='lat' dir='ltr'><strong>omnia</strong></span> <span class='ocrx_word' id='word_1_126' title='bbox 1819 1920 2048 1964; x_wconf 88' lang='lat' dir='ltr'><strong>sursum</strong></span> 
     </span>
     <span class='ocr_line' id='line_1_19' title="bbox 539 1996 1892 2071; baseline -0.004 -13"><span class='ocrx_word' id='word_1_127' title='bbox 539 1998 711 2057; x_wconf 90' lang='lat' dir='ltr'><strong>nitier</strong></span> <span class='ocrx_word' id='word_1_128' title='bbox 737 1998 799 2055; x_wconf 89' lang='lat' dir='ltr'><strong>in</strong></span> <span class='ocrx_word' id='word_1_129' title='bbox 826 2006 1093 2071; x_wconf 85' lang='lat' dir='ltr'><strong>terraque</strong></span> <span class='ocrx_word' id='word_1_130' title='bbox 1120 2005 1275 2056; x_wconf 90' lang='lat' dir='ltr'><strong>retro</strong></span> <span class='ocrx_word' id='word_1_131' title='bbox 1303 1996 1673 2071; x_wconf 89' lang='lat' dir='ltr'><strong>requiescere</strong></span> <span class='ocrx_word' id='word_1_132' title='bbox 1702 2003 1892 2070; x_wconf 87' lang='lat' dir='ltr'><strong>posta,</strong></span> 
     </span>
     <span class='ocr_line' id='line_1_20' title="bbox 538 2084 2355 2165; baseline -0.003 -18"><span class='ocrx_word' id='word_1_133' title='bbox 538 2098 605 2148; x_wconf 93' lang='lat' dir='ltr'><strong>ut</strong></span> <span class='ocrx_word' id='word_1_134' title='bbox 631 2107 737 2165; x_wconf 90' lang='lat' dir='ltr'><strong>per</strong></span> <span class='ocrx_word' id='word_1_135' title='bbox 764 2106 945 2163; x_wconf 88' lang='lat' dir='ltr'><strong>aquas</strong></span> <span class='ocrx_word' id='word_1_136' title='bbox 973 2105 1124 2163; x_wconf 90' lang='lat' dir='ltr'><strong>quae</strong></span> <span class='ocrx_word' id='word_1_137' title='bbox 1153 2104 1314 2144; x_wconf 91' lang='lat' dir='ltr'><strong>nunc</strong></span> <span class='ocrx_word' id='word_1_138' title='bbox 1340 2104 1535 2146; x_wconf 89' lang='lat' dir='ltr'><strong>rerum</strong></span> <span class='ocrx_word' id='word_1_139' title='bbox 1563 2086 1870 2145; x_wconf 86' lang='lat' dir='ltr'><strong>simulacra</strong></span> <span class='ocrx_word' id='word_1_140' title='bbox 1895 2084 2181 2143; x_wconf 88' lang='lat' dir='ltr'><strong>videmus.</strong></span> <span class='ocrx_word' id='word_1_141' title='bbox 2230 2090 2355 2142; x_wconf 91' lang='lat'>1060</span> 
     </span>
     <span class='ocr_line' id='line_1_21' title="bbox 540 2176 1787 2265; baseline -0.004 -26"><span class='ocrx_word' id='word_1_142' title='bbox 540 2190 601 2239; x_wconf 85' lang='lat' dir='ltr'><strong>et</strong></span> <span class='ocrx_word' id='word_1_143' title='bbox 628 2180 799 2238; x_wconf 88' lang='lat' dir='ltr'><strong>simili</strong></span> <span class='ocrx_word' id='word_1_144' title='bbox 826 2180 1049 2237; x_wconf 82' lang='lat' dir='ltr'><strong>ratione</strong></span> <span class='ocrx_word' id='word_1_145' title='bbox 1077 2178 1349 2236; x_wconf 87' lang='lat' dir='ltr'><strong>animalia</strong></span> <span class='ocrx_word' id='word_1_146' title='bbox 1376 2195 1566 2265; x_wconf 60' lang='lat' dir='ltr'><strong>SflEpa</strong></span> <span class='ocrx_word' id='word_1_147' title='bbox 1592 2176 1787 2252; x_wconf 89' lang='lat' dir='ltr'><strong>vagari</strong></span> 
     </span>
     <span class='ocr_line' id='line_1_22' title="bbox 540 2267 2017 2344; baseline -0.004 -14"><span class='ocrx_word' id='word_1_148' title='bbox 540 2270 910 2330; x_wconf 85' lang='lat' dir='ltr'><strong>contendunt</strong></span> <span class='ocrx_word' id='word_1_149' title='bbox 936 2286 1133 2344; x_wconf 88' lang='lat' dir='ltr'><strong>neque</strong></span> <span class='ocrx_word' id='word_1_150' title='bbox 1161 2286 1336 2344; x_wconf 89' lang='lat' dir='ltr'><strong>posse</strong></span> <span class='ocrx_word' id='word_1_151' title='bbox 1364 2286 1398 2325; x_wconf 90' lang='lat' dir='ltr'><strong>e</strong></span> <span class='ocrx_word' id='word_1_152' title='bbox 1429 2267 1592 2326; x_wconf 89' lang='lat' dir='ltr'><strong>terris</strong></span> <span class='ocrx_word' id='word_1_153' title='bbox 1620 2268 1680 2325; x_wconf 90' lang='lat' dir='ltr'><strong>in</strong></span> <span class='ocrx_word' id='word_1_154' title='bbox 1709 2268 1840 2325; x_wconf 85' lang='lat' dir='ltr'><strong>loca</strong></span> <span class='ocrx_word' id='word_1_155' title='bbox 1868 2267 2017 2325; x_wconf 88' lang='lat' dir='ltr'><strong>caeli</strong></span> 
     </span>
     <span class='ocr_line' id='line_1_23' title="bbox 539 2359 2059 2435; baseline -0.005 -14"><span class='ocrx_word' id='word_1_156' title='bbox 539 2360 837 2421; x_wconf 90' lang='lat' dir='ltr'><strong>reccidere</strong></span> <span class='ocrx_word' id='word_1_157' title='bbox 866 2359 1137 2420; x_wconf 88' lang='lat' dir='ltr'><strong>inferiora</strong></span> <span class='ocrx_word' id='word_1_158' title='bbox 1164 2359 1348 2435; x_wconf 81' lang='lat' dir='ltr'><strong>magis</strong></span> <span class='ocrx_word' id='word_1_159' title='bbox 1377 2376 1556 2433; x_wconf 90' lang='lat' dir='ltr'><strong>quam</strong></span> <span class='ocrx_word' id='word_1_160' title='bbox 1585 2375 1834 2433; x_wconf 83' lang='lat' dir='ltr'><strong>corpora</strong></span> <span class='ocrx_word' id='word_1_161' title='bbox 1859 2366 2059 2415; x_wconf 87' lang='lat' dir='ltr'><strong>nostra</strong></span> 
     </span>
     <span class='ocr_line' id='line_1_24' title="bbox 540 2448 1914 2530; baseline -0.005 -18"><span class='ocrx_word' id='word_1_162' title='bbox 540 2462 750 2530; x_wconf 88' lang='lat' dir='ltr'><strong>sponte</strong></span> <span class='ocrx_word' id='word_1_163' title='bbox 780 2470 887 2511; x_wconf 83' lang='lat' dir='ltr'><strong>sua</strong></span> <span class='ocrx_word' id='word_1_164' title='bbox 912 2451 1139 2528; x_wconf 89' lang='lat' dir='ltr'><strong>possint</strong></span> <span class='ocrx_word' id='word_1_165' title='bbox 1166 2450 1227 2507; x_wconf 91' lang='lat' dir='ltr'><strong>in</strong></span> <span class='ocrx_word' id='word_1_166' title='bbox 1255 2449 1404 2507; x_wconf 87' lang='lat' dir='ltr'><strong>caeli</strong></span> <span class='ocrx_word' id='word_1_167' title='bbox 1430 2448 1652 2525; x_wconf 86' lang='lat' dir='ltr'><strong>templa</strong></span> <span class='ocrx_word' id='word_1_168' title='bbox 1676 2448 1874 2506; x_wconf 88' lang='lat' dir='ltr'><strong>volare</strong></span> <span class='ocrx_word' id='word_1_169' title='bbox 1895 2468 1914 2521; x_wconf 80' lang='lat'>3</span> 
     </span>
     <span class='ocr_line' id='line_1_25' title="bbox 538 2538 2352 2614; baseline -0.004 -10"><span class='ocrx_word' id='word_1_170' title='bbox 538 2544 621 2605; x_wconf 86' lang='lat' dir='ltr'><strong>illi</strong></span> <span class='ocrx_word' id='word_1_171' title='bbox 647 2562 785 2602; x_wconf 90' lang='lat' dir='ltr'><strong>cum</strong></span> <span class='ocrx_word' id='word_1_172' title='bbox 813 2541 1054 2602; x_wconf 83' lang='lat' dir='ltr'><strong>videant</strong></span> <span class='ocrx_word' id='word_1_173' title='bbox 1080 2541 1284 2614; x_wconf 89' lang='lat' dir='ltr'><strong>solem,</strong></span> <span class='ocrx_word' id='word_1_174' title='bbox 1314 2558 1424 2599; x_wconf 91' lang='lat' dir='ltr'><strong>nos</strong></span> <span class='ocrx_word' id='word_1_175' title='bbox 1453 2538 1644 2598; x_wconf 89' lang='lat' dir='ltr'><strong>sidera</strong></span> <span class='ocrx_word' id='word_1_176' title='bbox 1669 2538 1861 2597; x_wconf 91' lang='lat' dir='ltr'><strong>noctis</strong></span> <span class='ocrx_word' id='word_1_177' title='bbox 2231 2546 2352 2611; x_wconf 82' lang='lat'>¹065</span> 
     </span>
     <span class='ocr_line' id='line_1_26' title="bbox 540 2629 1955 2707; baseline -0.004 -13"><span class='ocrx_word' id='word_1_178' title='bbox 540 2652 797 2707; x_wconf 89' lang='lat' dir='ltr'><strong>cemere‚</strong></span> <span class='ocrx_word' id='word_1_179' title='bbox 826 2642 887 2691; x_wconf 84' lang='lat' dir='ltr'><strong>et</strong></span> <span class='ocrx_word' id='word_1_180' title='bbox 913 2632 1146 2692; x_wconf 83' lang='lat' dir='ltr'><strong>alternis</strong></span> <span class='ocrx_word' id='word_1_181' title='bbox 1173 2631 1484 2690; x_wconf 90' lang='lat' dir='ltr'><strong>nobiscum</strong></span> <span class='ocrx_word' id='word_1_182' title='bbox 1513 2639 1780 2705; x_wconf 87' lang='lat' dir='ltr'><strong>tempora</strong></span> <span class='ocrx_word' id='word_1_183' title='bbox 1807 2629 1955 2689; x_wconf 87' lang='lat' dir='ltr'><strong>caeli</strong></span> 
     </span>
     <span class='ocr_line' id='line_1_27' title="bbox 539 2719 1844 2798; baseline -0.002 -14"><span class='ocrx_word' id='word_1_184' title='bbox 539 2724 803 2784; x_wconf 87' lang='lat' dir='ltr'><strong>dividere</strong></span> <span class='ocrx_word' id='word_1_185' title='bbox 832 2733 892 2784; x_wconf 92' lang='lat' dir='ltr'><strong>et</strong></span> <span class='ocrx_word' id='word_1_186' title='bbox 917 2733 1124 2782; x_wconf 84' lang='lat' dir='ltr'><strong>noctes</strong></span> <span class='ocrx_word' id='word_1_187' title='bbox 1151 2722 1345 2798; x_wconf 87' lang='lat' dir='ltr'><strong>parilis</strong></span> <span class='ocrx_word' id='word_1_188' title='bbox 1370 2722 1587 2797; x_wconf 85' lang='lat' dir='ltr'><strong>agitare</strong></span> <span class='ocrx_word' id='word_1_189' title='bbox 1617 2719 1844 2781; x_wconf 78' lang='lat' dir='ltr'><strong>diebus,</strong></span> 
     </span>
     <span class='ocr_line' id='line_1_28' title="bbox 540 2812 1284 2875; baseline -0.005 0"><span class='ocrx_word' id='word_1_190' title='bbox 540 2816 650 2875; x_wconf 91' lang='lat' dir='ltr'><strong>sed</strong></span> <span class='ocrx_word' id='word_1_191' title='bbox 678 2833 858 2874; x_wconf 89' lang='lat' dir='ltr'><strong>vanus</strong></span> <span class='ocrx_word' id='word_1_192' title='bbox 886 2812 1107 2872; x_wconf 90' lang='lat' dir='ltr'><strong>stolidis</strong></span> <span class='ocrx_word' id='word_1_193' title='bbox 1136 2813 1284 2872; x_wconf 88' lang='lat' dir='ltr'><strong>haec</strong></span> 
     </span>
     <span class='ocr_line' id='line_1_29' title="bbox 540 2904 1407 2982; baseline 0 -17"><span class='ocrx_word' id='word_1_194' title='bbox 540 2906 795 2982; x_wconf 87' lang='lat' dir='ltr'><strong>amplexi</strong></span> <span class='ocrx_word' id='word_1_195' title='bbox 825 2904 987 2979; x_wconf 91' lang='lat' dir='ltr'><strong>quod</strong></span> <span class='ocrx_word' id='word_1_196' title='bbox 1017 2904 1236 2963; x_wconf 91' lang='lat' dir='ltr'><strong>habent</strong></span> <span class='ocrx_word' id='word_1_197' title='bbox 1262 2920 1407 2979; x_wconf 87' lang='lat' dir='ltr'><strong>perv</strong></span> 
     </span>
     <span class='ocr_line' id='line_1_30' title="bbox 538 2994 2358 3070; baseline -0.004 -15"><span class='ocrx_word' id='word_1_198' title='bbox 538 3015 678 3056; x_wconf 83' lang='lat' dir='ltr'><strong>nam</strong></span> <span class='ocrx_word' id='word_1_199' title='bbox 705 2994 969 3054; x_wconf 84' lang='lat' dir='ltr'><strong>medium</strong></span> <span class='ocrx_word' id='word_1_200' title='bbox 998 2995 1077 3052; x_wconf 86' lang='lat' dir='ltr'><strong>nil</strong></span> <span class='ocrx_word' id='word_1_201' title='bbox 1106 3012 1232 3053; x_wconf 91' lang='lat' dir='ltr'><strong>esse</strong></span> <span class='ocrx_word' id='word_1_202' title='bbox 1260 3002 1460 3070; x_wconf 87' lang='lat' dir='ltr'><strong>potest</strong></span> <span class='ocrx_word' id='word_1_203' title='bbox 2229 3012 2358 3061; x_wconf 88' lang='lat'>1070</span> 
     </span>
     <span class='ocr_line' id='line_1_31' title="bbox 540 3084 1943 3161; baseline -0.004 -14"><span class='ocrx_word' id='word_1_204' title='bbox 540 3088 783 3147; x_wconf 90' lang='lat' dir='ltr'><strong>infinita.</strong></span> <span class='ocrx_word' id='word_1_205' title='bbox 824 3102 1019 3161; x_wconf 92' lang='lat' dir='ltr'><strong>neque</strong></span> <span class='ocrx_word' id='word_1_206' title='bbox 1048 3084 1310 3158; x_wconf 89' lang='lat' dir='ltr'><strong>omnino,</strong></span> <span class='ocrx_word' id='word_1_207' title='bbox 1341 3085 1389 3143; x_wconf 93' lang='lat' dir='ltr'><strong>si</strong></span> <span class='ocrx_word' id='word_1_208' title='bbox 1417 3085 1534 3142; x_wconf 90' lang='lat' dir='ltr'><strong>iam</strong></span> <span class='ocrx_word' id='word_1_209' title='bbox 1563 3084 1825 3142; x_wconf 91' lang='lat' dir='ltr'><strong>medium</strong></span> <span class='ocrx_word' id='word_1_210' title='bbox 1853 3085 1943 3157; x_wconf 87' lang='lat' dir='ltr'><strong>sit,</strong></span> 
     </span>
     <span class='ocr_line' id='line_1_32' title="bbox 540 3175 1522 3255; baseline -0.007 -16"><span class='ocrx_word' id='word_1_211' title='bbox 540 3179 726 3255; x_wconf 90' lang='lat' dir='ltr'><strong>possit</strong></span> <span class='ocrx_word' id='word_1_212' title='bbox 754 3178 833 3237; x_wconf 93' lang='lat' dir='ltr'><strong>ibi</strong></span> <span class='ocrx_word' id='word_1_213' title='bbox 862 3177 1177 3253; x_wconf 91' lang='lat' dir='ltr'><strong>quicquam</strong></span> <span class='ocrx_word' id='word_1_214' title='bbox 1205 3175 1522 3233; x_wconf 87' lang='lat' dir='ltr'><strong>consistere</strong></span> 
     </span>
     <span class='ocr_line' id='line_1_33' title="bbox 541 3266 1549 3346; baseline -0.006 -17"><span class='ocrx_word' id='word_1_215' title='bbox 541 3289 721 3346; x_wconf 89' lang='lat' dir='ltr'><strong>quam</strong></span> <span class='ocrx_word' id='word_1_216' title='bbox 750 3268 952 3344; x_wconf 88' lang='lat' dir='ltr'><strong>quavis</strong></span> <span class='ocrx_word' id='word_1_217' title='bbox 980 3268 1092 3325; x_wconf 86' lang='lat' dir='ltr'><strong>alia</strong></span> <span class='ocrx_word' id='word_1_218' title='bbox 1118 3267 1292 3342; x_wconf 89' lang='lat' dir='ltr'><strong>longe</strong></span> <span class='ocrx_word' id='word_1_219' title='bbox 1322 3266 1549 3324; x_wconf 87' lang='lat' dir='ltr'><strong>ratione</strong></span> 
     </span>
     <span class='ocr_line' id='line_1_34' title="bbox 542 3355 2232 3431; baseline -0.005 -10"><span class='ocrx_word' id='word_1_220' title='bbox 542 3362 735 3421; x_wconf 91' lang='lat' dir='ltr'><strong>omnis</strong></span> <span class='ocrx_word' id='word_1_221' title='bbox 757 3360 916 3419; x_wconf 88' lang='lat' dir='ltr'><strong>enim</strong></span> <span class='ocrx_word' id='word_1_222' title='bbox 943 3360 1108 3417; x_wconf 88' lang='lat' dir='ltr'><strong>locus</strong></span> <span class='ocrx_word' id='word_1_223' title='bbox 1135 3374 1207 3415; x_wconf 87' lang='lat' dir='ltr'><strong>ac</strong></span> <span class='ocrx_word' id='word_1_224' title='bbox 1237 3358 1506 3431; x_wconf 89' lang='lat' dir='ltr'><strong>spatium,</strong></span> <span class='ocrx_word' id='word_1_225' title='bbox 1538 3355 1700 3431; x_wconf 90' lang='lat' dir='ltr'><strong>quod</strong></span> <span class='ocrx_word' id='word_1_226' title='bbox 1730 3355 1903 3412; x_wconf 88' lang='lat' dir='ltr'><strong>inane</strong></span> <span class='ocrx_word' id='word_1_227' title='bbox 1933 3371 2232 3425; x_wconf 82' lang='lat' dir='ltr'><strong>vocamuS‚</strong></span> 
     </span>
     <span class='ocr_line' id='line_1_35' title="bbox 542 3443 2352 3528; baseline -0.007 -17"><span class='ocrx_word' id='word_1_228' title='bbox 542 3471 649 3528; x_wconf 86' lang='lat' dir='ltr'><strong>per</strong></span> <span class='ocrx_word' id='word_1_229' title='bbox 674 3450 957 3522; x_wconf 88' lang='lat' dir='ltr'><strong>medium,</strong></span> <span class='ocrx_word' id='word_1_230' title='bbox 986 3467 1094 3524; x_wconf 92' lang='lat' dir='ltr'><strong>per</strong></span> <span class='ocrx_word' id='word_1_231' title='bbox 1118 3466 1239 3506; x_wconf 93' lang='lat' dir='ltr'><strong>non</strong></span> <span class='ocrx_word' id='word_1_232' title='bbox 1268 3447 1550 3518; x_wconf 89' lang='lat' dir='ltr'><strong>medium,</strong></span> <span class='ocrx_word' id='word_1_233' title='bbox 1581 3445 1911 3504; x_wconf 90' lang='lat' dir='ltr'><strong>concedere</strong></span> <span class='ocrx_word' id='word_1_234' title='bbox 1941 3443 2122 3502; x_wconf 89' lang='lat' dir='ltr'><strong>debet</strong></span> <span class='ocrx_word' id='word_1_235' title='bbox 2230 3460 2352 3514; x_wconf 83' lang='lat'>10⁷5</span> 
     </span>
     <span class='ocr_line' id='line_1_36' title="bbox 545 3535 2071 3619; baseline -0.009 -18"><span class='ocrx_word' id='word_1_236' title='bbox 545 3562 733 3619; x_wconf 84' lang='lat' dir='ltr'><strong>aeque</strong></span> <span class='ocrx_word' id='word_1_237' title='bbox 760 3539 1140 3618; x_wconf 80' lang='lat' dir='ltr'><strong>ponderibuS‚</strong></span> <span class='ocrx_word' id='word_1_238' title='bbox 1170 3548 1365 3596; x_wconf 88' lang='lat' dir='ltr'><strong>motus</strong></span> <span class='ocrx_word' id='word_1_239' title='bbox 1394 3552 1766 3611; x_wconf 86' lang='lat' dir='ltr'><strong>quacumque</strong></span> <span class='ocrx_word' id='word_1_240' title='bbox 1797 3535 2071 3591; x_wconf 84' lang='lat' dir='ltr'><strong>feruntur.</strong></span> 
     </span>
    </p>
   </div>
  </div>
 </body>
</html>
