2784 3992
506 308 590 377 50
1181 307 1644 361 LUCRETIUS
1971 272 1983 280 ”
2195 309 2306 379 [11.

500 487 621 527 non
648 468 881 544 poterit,
911 486 1125 543 neque,
1148 467 1313 543 quod
1341 478 1622 542 superest,
1652 485 2027 543 procrescere
2056 468 2268 545 alique.

500 560 719 635 quippe
750 559 966 618 etenim
996 576 1222 617 sumam
1250 557 1366 616 hoc
1397 576 1633 634 quoque
1664 559 1746 617 uti
1773 559 1937 618 finita
1962 578 2072 636 per
2098 578 2276 619 omne

499 668 747 726 corpora
772 650 971 708 iactari
1000 650 1169 707 unius
1197 649 1470 724 genitalia
1497 650 1598 722 rei,

498 741 656 799 unde
685 742 787 800 ubi
815 759 933 816 qua
958 742 1015 798 vi
1044 749 1103 798 et
1132 758 1251 815 quo
1279 750 1456 816 pacto
1487 758 1799 815 congressa
1827 742 2069 801 coibunt

498 832 771 889 materiae
802 841 965 891 tanto
995 832 1056 889 in
1083 832 1293 907 pelago
1322 831 1607 906 turbaque
1637 832 1865 889 aliena?
2213 851 2311 904 550

496 940 634 993 non,
667 932 729 980 ut
756 923 981 997 opinor,
1014 921 1233 980 habent
1260 921 1548 979 rationem
1578 921 1933 980 conciliandi
1953 944 1972 996 3

495 1012 602 1070 sed
630 1013 792 1086 quasi
821 1012 1129 1087 naufragiis
1165 1014 1388 1087 magnis
1418 1013 1728 1088 multisque
1759 1014 1973 1071 coortis

495 1102 799 1161 disiectare
830 1104 977 1162 solet
1004 1122 1283 1178 magnum
1312 1122 1468 1162 mare
1498 1113 1742 1162 transtra
1770 1104 2032 1179 guberna

493 1203 797 1252 antemnas
826 1212 1061 1270 proram
1091 1194 1275 1251 malos
1304 1203 1619 1269 tonsasque
1646 1195 1914 1267 natantiS,

492 1301 597 1358 per
624 1292 901 1341 terrarum
930 1284 1121 1342 omnis
1151 1302 1281 1342 oras
1310 1283 1591 1342 fluitantia
1619 1285 1873 1361 aplustra
2211 1303 2304 1358 555

492 1384 555 1431 ut
581 1374 888 1432 videantur
916 1383 974 1432 et
1001 1374 1286 1432 indicium
1314 1374 1650 1433 mortalibus
1677 1374 1874 1450 edant,

490 1465 654 1523 infidi
683 1465 852 1523 maris
882 1466 1117 1524 insidias
1145 1466 1398 1541 virisque
1428 1465 1752 1541 dolumque

490 1565 553 1612 ut
581 1556 755 1613 vitare
785 1555 977 1625 velint,
1006 1575 1154 1614 neve
1185 1557 1302 1615 ullo
1332 1566 1603 1631 tempore
1633 1556 1893 1631 credant,

488 1645 735 1703 subdola
760 1664 895 1703 cum
923 1645 1074 1704 ridet
1101 1646 1317 1721 placidi
1346 1647 1597 1722 pellacia
1623 1648 1808 1722 ponti,

488 1736 571 1793 sic
600 1726 704 1794 tibi
732 1737 779 1793 si
807 1737 969 1794 finita
997 1738 1179 1795 semel
1206 1738 1527 1811 primordia
1553 1737 1848 1812 quaedam
2207 1747 2308 1812 560

487 1827 823 1900 constitues,
854 1844 1063 1886 aevom
1094 1827 1395 1886 debebunt
1425 1846 1622 1904 sparsa
1649 1847 1755 1904 per
1782 1848 2020 1888 omnem

487 1917 792 1976 disiectare
821 1928 1013 1976 aestus
1042 1918 1251 1976 diversi
1281 1919 1562 1990 materiai,

487 2030 808 2087 numquam
838 2013 897 2070 in
925 2013 1241 2071 concilium
1270 2023 1333 2070 ut
1362 2014 1588 2087 possint
1615 2014 1920 2088 compulsa
1947 2014 2107 2073 coire

478 2121 595 2177 nec
623 2104 895 2161 remorari
924 2104 983 2162 in
1011 2104 1263 2164 concilio
1292 2121 1406 2161 nec
1436 2122 1698 2161 crescere
1727 2104 1979 2163 adaucta
1999 2126 2017 2178 3

483 2211 731 2267 quorum
760 2203 1068 2268 utrumque
1098 2195 1290 2269 palam
1318 2194 1443 2252 fieri
1475 2194 1779 2253 manifesta
1807 2195 1985 2253 docet
2012 2214 2123 2266 reS,
2196 2203 2297 2268 565

481 2293 541 2341 et
569 2302 659 2341 res
688 2285 955 2360 progigni
984 2294 1043 2341 et
1070 2285 1293 2359 genitas
1322 2303 1696 2360 procrescere
1728 2303 1921 2360 posse.

480 2392 607 2432 esse
638 2375 813 2449 igitur
838 2393 1054 2450 genere
1084 2375 1144 2432 in
1174 2376 1379 2449 quovis
1410 2375 1731 2449 primordia
1756 2393 1948 2434 rerum

479 2464 705 2522 infinita
731 2466 923 2540 palam
953 2474 1040 2523 est
1068 2465 1229 2523 unde
1256 2466 1456 2523 omnia
1484 2465 1946 2540 suppeditantur.

560 2556 617 2612 N
621 2573 690 2613 ec
720 2573 991 2630 superare
1020 2564 1243 2631 queunt
1270 2548 1465 2614 motus
1495 2557 1690 2629 itaque
1721 2556 1977 2614 exitiales

476 2655 762 2720 perpetuo
788 2665 981 2721 neque
1011 2647 1071 2704 in
1102 2656 1403 2704 aeternum
1432 2647 1677 2720 sepelire
1707 2648 1971 2719 salutem,
2198 2666 2300 2720 570
2321 2651 2334 2661 ’

476 2752 588 2792 nec
617 2754 791 2811 porro
819 2755 1011 2794 rerum
1039 2737 1319 2811 genitales
1349 2737 1723 2811 auctificique

477 2836 670 2885 motus
698 2838 987 2901 perpetuo
1015 2836 1263 2901 possunt
1290 2845 1516 2885 servare
1549 2836 1762 2886 creata.

476 2916 559 2973 sic
587 2935 777 2990 aequo
808 2918 1023 2992 geritur
1050 2918 1366 2975 certamine
1395 2918 1820 2992 principiorum

475 3024 549 3063 ex
577 3007 802 3064 infinito
832 3017 1198 3066 contractum
1226 3018 1497 3084 tempore
1525 3009 1741 3067 bellum
1767 3030 1779 3065 ε

473 3117 631 3156 nunc
662 3100 757 3156 hic
787 3118 946 3157 nunc
976 3101 1091 3157 illic
1120 3110 1395 3175 superant
1423 3102 1616 3159 vitalia
1641 3120 1834 3159 rerum
2185 3120 2286 3177 575

474 3199 533 3247 et
560 3200 902 3265 superantur
930 3192 1088 3249 item.
1135 3192 1409 3250 miscetur
1436 3193 1638 3249 funere
1669 3210 1848 3267 vagor

472 3298 647 3354 quem
676 3282 841 3355 pueri
871 3282 1078 3339 tollunt
1105 3282 1339 3339 visentis
1368 3282 1602 3339 luminis
1631 3301 1758 3340 oras
1782 3304 1799 3355 3

471 3388 583 3427 nec
611 3390 730 3428 nox
758 3372 873 3429 ulla
900 3371 1059 3429 diem
1087 3390 1281 3446 neque
1314 3382 1555 3430 noctem
1582 3391 1790 3431 aurora
1817 3382 2072 3432 secutast

472 3477 622 3532 quae
652 3479 774 3518 non
804 3461 1049 3519 audierit
1076 3463 1289 3520 mixtos
1319 3464 1603 3537 vagitibus
1631 3464 1817 3539 aegris

472 3548 726 3623 ploratus
756 3553 954 3611 mortis
982 3554 1227 3612 comites
1257 3563 1315 3612 et
1343 3546 1559 3613 funeris
1587 3554 1713 3613 atri.
2188 3562 2286 3627 580
