2784 3992
491 283 613 347 126
1148 295 1615 352 LUCRETqu
2153 296 2287 369 [lv.

482 459 788 519 suavidicis
816 457 1013 534 potius
1041 476 1220 533 quam
1248 459 1444 517 multis
1472 459 1728 517 versibus
1757 458 1931 516 edam
1953 480 1970 532 3

481 570 687 627 parvus
713 561 778 609 ut
807 559 894 608 est
923 550 1094 627 cycni
1122 549 1327 607 melior
1352 568 1551 624 canor,
1580 551 1672 621 ille
1699 569 1906 625 gruum
1935 569 2114 625 quam
2193 572 2294 624 910

482 642 698 700 clamor
726 642 786 699 in
813 640 1086 700 aetheriis
1116 639 1416 716 dispersus
1445 642 1695 700 nubibus
1724 642 1916 699 austri.

482 744 541 789 tu
572 732 707 790 mihi
740 731 819 791 da
844 732 1034 791 tenuis
1061 749 1230 789 aures
1258 732 1638 806 animumque
1665 750 1958 807 sagacem,

482 840 556 880 ne
584 822 707 880 fieri
736 823 958 898 negites
986 839 1139 897 quae
1169 820 1363 879 dicam
1392 840 1567 896 posse
1595 832 1865 898 retroque

480 931 615 971 vera
640 914 957 989 repulsanti
985 911 1255 972 discedas
1282 921 1527 987 pectore
1556 912 1734 986 dicta,

481 1004 710 1062 tutimet
738 1004 797 1061 in
824 1004 998 1079 culpa
1024 1022 1160 1061 cum
1190 1003 1265 1061 sis
1293 1020 1490 1078 neque
1519 1020 1760 1060 cernere
1789 1003 2000 1079 possiS.
2193 1020 2290 1077 915

479 1094 767 1170 principio
797 1113 1035 1153 somnus
1064 1095 1128 1152 fit
1156 1094 1256 1152 ubi
1284 1102 1373 1151 est
1401 1091 1679 1151 distracta
1705 1110 1811 1168 per
1838 1102 1997 1152 artus

480 1185 563 1245 vis
590 1185 817 1244 animae
846 1188 1175 1260 partimque
1205 1185 1357 1243 foras
1386 1184 1577 1242 eiecta
1602 1186 1844 1244 recessit

480 1286 538 1335 et
565 1277 774 1353 partim
806 1285 1079 1334 contrusa
1104 1275 1286 1351 magis
1314 1274 1609 1333 concessit
1636 1273 1698 1331 in
1724 1274 1906 1332 altum
1925 1294 1944 1346 3

479 1367 876 1426 dissoluuntur
904 1368 1063 1427 enim
1094 1375 1216 1423 turn
1246 1365 1487 1423 demum
1516 1364 1782 1423 membra
1808 1363 2132 1440 fluuntque.
2209 1388 2221 1394 ·

479 1476 615 1516 nam
643 1457 887 1516 dubium
915 1478 1037 1517 non
1065 1467 1171 1529 est,
1203 1457 1418 1515 animai
1445 1455 1588 1531 quin
1615 1473 1797 1531 opera
1824 1455 1898 1513 sit
2191 1476 2293 1529 920

479 1566 678 1606 sensus
708 1548 804 1605 hic
834 1548 894 1606 in
922 1549 1110 1619 nobis,
1141 1566 1321 1623 quem
1350 1565 1490 1605 cum
1518 1564 1696 1622 sopor
1721 1544 1948 1622 inpedit
1977 1563 2125 1618 esse,

478 1647 601 1695 tum
629 1638 797 1696 nobis
826 1639 1083 1696 animam
1110 1638 1507 1714 perturbatam
1537 1655 1663 1696 esse
1692 1635 2073 1712 putandumst

478 1729 841 1803 eiectamque
870 1728 1021 1787 foras
1042 1749 1060 1801 ;
1103 1746 1226 1787 non
1253 1747 1494 1787 omnem
1516 1749 1533 1801 ;
1577 1746 1831 1804 namque
1859 1728 2076 1786 iaceret
2151 1748 2160 1755 ·

478 1828 713 1877 aeterno
741 1836 953 1894 corpus
981 1820 1278 1893 perfusum
1306 1819 1516 1895 stigore
1543 1820 1660 1877 leti.
1771 1821 1778 1827 ’

479 1908 695 1984 quippe
724 1908 826 1967 ubi
854 1909 1010 1967 nulla
1035 1910 1222 1968 latens
1249 1909 1468 1967 animai
1495 1927 1627 1985 pars
1654 1917 1982 1967 remaneret
2189 1926 2288 1983 9²5

478 2000 538 2056 in
565 1998 857 2071 membriS,
886 2000 1080 2058 cinere
1108 2008 1173 2059 ut
1199 1999 1381 2058 multa
1407 2000 1547 2058 latet
1575 2000 1812 2058 obrutus
1842 2000 2007 2075 igniS‚

372 2138 380 2145 .
477 2089 635 2148 unde
664 2088 965 2147 reconflari
993 2107 1196 2177 sensus
1223 2107 1331 2165 per
1355 2090 1624 2149 membra
1648 2100 1890 2165 repente

478 2189 692 2255 posset,
721 2189 786 2238 ut
813 2197 889 2238 ex
914 2180 1033 2255 igni
1059 2197 1244 2238 caeco
1274 2198 1623 2255 consurgere
1654 2180 1926 2238 flamma?
1979 2210 1986 2215 ·

558 2270 674 2330 Sed
701 2271 913 2347 quibus
942 2271 1090 2329 haec
1116 2269 1292 2329 rebus
1319 2271 1546 2330 novitas
1575 2271 1795 2329 confiat
1823 2280 1882 2328 et
1909 2269 2069 2329 unde

478 2361 795 2436 perturbari
822 2362 1017 2420 anima
1044 2371 1103 2420 et
1130 2379 1345 2437 corpus
1372 2362 1748 2436 languescere
1777 2361 1979 2436 possit,
2190 2380 2294 2436 930

479 2451 822 2528 expediam:
868 2462 932 2511 tu
959 2453 1051 2509 fac
1078 2470 1156 2510 ne
1184 2453 1371 2511 ventis
1399 2453 1576 2511 verba
1602 2450 1973 2527 profundam.

478 2542 761 2618 principio
790 2553 1027 2601 externa
1054 2561 1267 2618 corpus
1297 2541 1373 2601 de
1402 2552 1564 2618 parte
1592 2560 1903 2601 necessum
1931 2551 2039 2615 est,

478 2633 643 2691 aeriis
673 2634 948 2708 quoniam
976 2633 1232 2692 vicinum
1262 2633 1513 2708 tangitur
1538 2632 1708 2702 auris,

477 2722 708 2781 tundier
733 2734 905 2800 atque
935 2725 1058 2809 eius
1086 2725 1293 2783 crebro
1321 2723 1597 2798 pulsarier
1623 2721 1763 2796 ictu,

478 2824 898 2889 proptereaque
929 2816 1045 2872 fere
1074 2833 1165 2873 res
1194 2832 1402 2873 omnes
1430 2823 1529 2872 aut
1557 2814 1718 2872 corio
1748 2819 1884 2871 sunt
2189 2829 2288 2887 935

478 2913 577 2961 aut
604 2904 777 2963 etiam
806 2905 1047 2963 conchis
1075 2914 1174 2963 aut
1202 2905 1351 2963 callo
1378 2914 1478 2963 aut
1509 2904 1727 2964 cortice
1757 2914 1968 2963 tectae.

478 2994 808 3053 interiorem
838 2996 1013 3053 etiam
1043 3005 1269 3071 partem
1298 2996 1648 3071 spirantibus
1675 2996 1775 3054 a‘et

478 3085 739 3143 verberat
766 3086 860 3143 hic
888 3085 1068 3158 idem,
1098 3104 1236 3144 cum
1264 3085 1498 3144 ducitur
1522 3095 1698 3162 atque
1726 3086 1976 3144 reflatur.

478 3193 656 3251 quare
684 3176 973 3250 utrimque
1001 3195 1171 3235 secus
1201 3193 1338 3234 cum
1367 3195 1581 3251 corpus
1607 3177 1843 3252 vapulet
1871 3186 1931 3233 et
1958 3194 2095 3234 cum

480 3266 816 3343 perveniant
842 3267 1045 3342 plagae
1074 3285 1180 3342 per
1208 3286 1385 3342 parva
1413 3268 1695 3324 foramina
1722 3267 1894 3327 nobis
2189 3287 2287 3339 940

483 3357 736 3431 corporis
764 3356 840 3413 ad
868 3358 1079 3433 primas
1108 3358 1284 3433 partis
1313 3358 1714 3431 elementaque
1743 3358 1948 3432 prima,

479 3447 543 3505 fit
570 3447 732 3521 quasi
760 3448 1035 3523 paulatim
1064 3448 1234 3507 nobis
1261 3467 1367 3524 per
1394 3449 1658 3506 membra
1683 3448 1866 3506 ruina.

479 3537 894 3596 conturbantur
920 3539 1078 3597 enim
1105 3539 1400 3613 positurae
1430 3538 1848 3613 principiorum
