2784 3992
528 303 545 345 ¹
560 301 645 365 70
1192 300 1654 355 LUCRETms
1737 296 1746 333 ¹
1796 346 1806 355 .
2225 302 2330 371 [v.

513 462 753 537 iuraque
781 464 1154 537 constituere,
1184 474 1248 523 ut
1276 465 1490 522 vellent
1516 464 1741 540 legibus
1770 464 1870 523 uti.

496 571 649 610 -narn
676 571 861 628 genus
890 554 1227 627 humanum,
1259 555 1552 613 defessum
1582 556 1634 613 vi
1664 556 1858 614 colere
1887 573 2116 627 aevom,
2205 573 2328 625 1145

512 662 585 700 ex
615 644 925 702 inimicitiis
954 646 1265 720 languebat
1286 667 1303 717 3
1349 665 1470 720 quo
1501 647 1682 720 magis
1710 647 1903 722 ipsum

511 746 720 809 sponte
752 754 857 793 sua
883 736 1100 793 cecidit
1126 738 1234 795 sub
1263 737 1422 812 leges
1451 747 1688 812 artaque
1718 738 1858 795 iura.

511 827 695 883 acrius
725 844 798 883 ex
826 827 908 883 ira
934 827 1099 901 quod
1130 828 1287 884 enim
1321 846 1384 885 se
1414 827 1660 903 quisque
1691 828 1929 902 parabat

508 917 712 974 ulcisci
739 932 917 991 quam·
948 936 1105 974 nunc
1134 927 1540 976 concessumst
1567 919 1788 993 legibus
1819 917 2037 991 aequiS‚

510 1007 661 1064 hanc
682 1008 761 1065 ob
778 1025 903 1065 rem
922 1018 1009 1065 est
1027 1008 1295 1065 homines
1312 1018 1645 1085 pertaesum
1666 1009 1722 1065 vi
1737 1009 1930 1066 colere
1949 1024 2177 1065 aevom.
2203 1028 2222 1063 1
2237 1024 2331 1077 150

508 1096 646 1156 inde
677 1107 866 1157 metus
894 1100 1150 1157 maculat
1176 1117 1502 1174 poenarum
1530 1100 1790 1174 praemia
1816 1099 1985 1156 vitae.

509 1188 863 1248 circumretit
892 1190 1051 1247 enim
1080 1190 1165 1248 vis
1196 1200 1371 1264 atque
1403 1190 1612 1247 iniuria
1639 1208 1935 1264 quemque

511 1287 707 1353 atque,
738 1279 897 1338 unde
928 1290 1201 1351 exortast‚
1232 1280 1310 1338 ad
1340 1299 1479 1339 eum
1508 1281 1852 1355 plerumque
1881 1277 2132 1349 revertit,

506 1386 621 1427 nec
652 1369 874 1428 facilest
902 1370 1199 1445 placidam
1228 1390 1297 1429 ac
1325 1379 1598 1446 pacatam
1628 1369 1842 1445 degere
1870 1369 2051 1428 vitam

506 1459 607 1534 qui
634 1460 810 1518 violat
838 1460 1004 1520 factis
1033 1462 1372 1521 communia
1399 1461 1638 1521 foedera
1665 1462 1844 1536 pacis,
2200 1474 2326 1530 1155

506 1550 613 1609 etsi
641 1550 780 1608 fallit
809 1550 967 1608 enim
996 1550 1195 1609 divom
1224 1570 1411 1627 genus
1440 1552 1899 1626 humanumque,

504 1652 790 1717 perpetuo
820 1651 1022 1699 tamen
1051 1641 1113 1699 id
1142 1641 1263 1699 fore
1294 1642 1445 1699 clam
1476 1640 1740 1699 diffidere
1771 1641 1987 1713 debet3

503 1732 722 1806 quippe
753 1733 850 1791 ubi
880 1750 943 1789 se
973 1732 1137 1789 multi
1166 1750 1273 1806 per
1301 1732 1531 1789 somnia
1559 1750 1736 1807 saepe
1765 1733 2070 1807 loquentes

504 1831 602 1880 aut
630 1824 837 1881 morbo
866 1822 1176 1881 delirantes
1207 1832 1476 1897 protraxe
1507 1823 1765 1881 ferantur

504 1922 563 1971 et
590 1913 776 1970 celata
803 1914 952 1971 mala
980 1914 1039 1970 in
1070 1912 1331 1971 medium
1363 1923 1423 1971 et
1451 1924 1698 1988 peccata
1728 1912 2015 1991 dedisse].
2197 1923 2326 1973 1160

585 2004 641 2061 N
648 2022 762 2061 unc
790 2023 940 2078 quae
970 2022 1146 2061 causa
1173 2004 1352 2062 deum
1383 2022 1489 2079 per
1517 2023 1756 2079 magnas
1786 2005 2026 2075 numina
2051 2006 2243 2082 gentis

500 2095 847 2169 pervulgarit
875 2106 932 2153 et
961 2114 1187 2154 ararum
1217 2095 1598 2172 compleverit
1628 2096 1784 2154 urbis

504 2186 990 2261 suscipiendaque
1022 2188 1232 2246 curarit
1260 2188 1564 2247 sollemnia
1592 2205 1773 2258 sacra,

502 2294 654 2351 quae
684 2294 841 2334 nunc
870 2276 931 2332 in
961 2279 1183 2350 magnis
1213 2278 1421 2337 florent
1450 2298 1611 2337 sacra
1638 2279 1800 2336 rebu’
1831 2264 2122 2353 locisque,

507 2367 667 2425 unde
699 2366 872 2424 etiam
903 2384 1062 2423 nunc
1092 2376 1181 2423 est
1207 2368 1546 2425 mortalibus
1576 2369 1781 2426 insitus
1812 2369 2012 2427 horror
2195 2375 2318 2443 1165

502 2458 603 2533 qui
632 2458 875 2515 delubra
904 2456 1085 2515 deum
1113 2475 1265 2514 nova
1294 2467 1420 2515 toto
1451 2459 1688 2515 suscitat
1717 2460 1846 2516 orbi

500 2557 778 2605 terrarum
808 2557 866 2604 et
893 2548 1050 2605 festis
1081 2547 1238 2621 cogit
1268 2547 1560 2605 celebrare
1591 2547 1816 2621 diebuS‚

500 2656 623 2695 non
652 2639 730 2695 ita
760 2637 1047 2695 difficilest
1075 2637 1363 2717 rationem
1391 2636 1638 2695 reddere
1668 2638 1874 2696 verbiS.

502 2729 723 2803 quippe
755 2729 973 2785 etenim
1004 2728 1119 2785 iam
1150 2738 1277 2785 tum
1306 2727 1506 2786 divom
1537 2728 1801 2785 mortalia
1829 2730 2022 2788 saecla

501 2820 758 2893 egregias
788 2819 985 2876 animo
1015 2819 1193 2876 facies
1222 2820 1492 2894 vigilante
1522 2817 1801 2876 videbant
2193 2840 2320 2887 1170

501 2917 559 2965 et
588 2910 767 2982 magis
797 2910 855 2965 in
884 2908 1402 2967 somnis'mirando
1431 2909 1691 2984 corporis
1720 2918 1913 2967 auctu.

500 2999 589 3056 his
619 2998 786 3072 igitur
814 3018 1051 3056 sensum
1082 3000 1415 3057 tribuebant
1443 3010 1754 3074 propterea
1781 2999 1945 3074 quod

500 3091 762 3147 membra
789 3108 1025 3147 movere
1054 3089 1401 3148 videbantur
1427 3107 1724 3163 vocesque
1755 3091 2033 3165 superbas

499 3180 725 3237 mittere
756 3198 862 3255 pro
892 3180 1040 3237 facie
1071 3181 1369 3254 praeclara
1399 3190 1457 3237 et
1484 3168 1697 3237 viribus
1725 3182 1947 3255 amplis,

499 3280 913 3345 aeternamque
943 3270 1163 3329 dabant
1190 3272 1386 3340 vitam,
1419 3270 1556 3344 quia
1583 3288 1816 3345 semper
1843 3289 2045 3329 eorum
2189 3289 2309 3344 1175

498 3360 980 3437 subpeditabatur
1008 3362 1185 3418 facies
1216 3370 1275 3418 et
1304 3361 1488 3418 forma
1517 3361 1809 3432 manebat,

498 3462 557 3511 et
586 3462 785 3510 tamen
814 3452 1058 3510 omnino
1088 3451 1249 3525 quod
1280 3452 1451 3509 tantis
1478 3452 1692 3509 viribus
1721 3459 1924 3507 auctos

496 3560 620 3602 non
648 3552 866 3601 temere
896 3543 1011 3601 ulla
1039 3543 1094 3599 vi
1124 3543 1393 3612 convinci
1422 3560 1595 3618 posse
1624 3541 1926 3618 putabant.
