2784 3992
550 334 685 405 1V.]
1038 334 1147 386 DE
1188 335 1480 388 RERUM
1539 336 1886 389 NATURA
2239 334 2352 402 115

543 497 626 555 sic
654 498 823 572 igitur
848 496 995 555 ratio
1025 497 1128 554 tibi
1157 514 1347 554 rerum
1376 514 1553 571 prava
1579 505 1878 555 necessest
2253 516 2355 569 520

542 587 796 662 falsaque
828 588 917 658 sit,
949 588 1102 644 falsis
1132 572 1541 661 quaecumque
1571 587 1647 644 ab
1676 587 1941 645 sensibus
1970 597 2167 646 ortast.

624 680 801 735 Nunc
830 679 922 735 alii
954 696 1158 735 sensus
1188 696 1307 751 quo
1336 693 1514 751 pacto
1545 680 1792 751 quisque
1822 694 1986 735 suam
2016 697 2138 737 rem

542 770 767 839 sentiat,
800 768 1254 843 haudquaquam
1283 770 1427 826 ratio
1457 786 1739 843 scruposa
1765 770 1966 827 relicta
1993 780 2112 841 est„

622 860 915 934 Principio
944 858 1175 916 auditur
1203 877 1379 917 sonus
1408 869 1467 916 et
1494 878 1609 916 vox
1637 861 1846 930 omniS,
1875 862 1936 918 in
1966 861 2117 919 auris

542 951 827 1008 insinuata
855 969 961 1007 suo
992 950 1271 1024 pepulere
1302 950 1403 1007 ubi
1431 969 1678 1025 corpore
1707 970 1961 1009 sensum.
2259 970 2352 1023 525

540 1059 879 1116 corpoream
907 1058 1119 1098 vocem
1151 1057 1389 1115 quoque
1420 1042 1577 1098 enim
1608 1052 1873 1099 constare
1903 1041 2258 1100 fatendumst

540 1140 599 1189 et
625 1132 897 1204 sonitum,
928 1130 1209 1204 quoniam
1238 1143 1485 1206 possunt
1513 1132 1788 1206 inpellere
1818 1150 2039 1190 sensus,

537 1232 947 1307 praeterea
863 1220 1013 1278 radit
1040 1240 1158 1279 vox
1185 1222 1382 1280 fauces
1413 1241 1588 1297 saepe
1619 1223 1874 1296 facitque

537 1312 830 1415 asperiora
857 1306 1009 1369 foras
1037 1311 1307 1387 gradiens
1335 1314 1541 1370 arteria
1568 1313 1806 1371 clamor.

536 1403 757 1478 quippe
786 1420 892 1477 per
918 1413 1229 1479 angustum
1258 1404 1426 1461 turba
1453 1404 1672 1461 maiore
1703 1413 1906 1461 coorta
2255 1421 2352 1474 530

536 1493 617 1551 ire
646 1493 798 1551 foras
824 1494 926 1551 ubi
954 1504 1278 1569 coeperunt
1306 1493 1626 1569 primordia
1652 1510 1886 1565 vocum,

536 1584 758 1661 scilicet
786 1584 1003 1659 expleti
1031 1584 1270 1660 quoque
1298 1585 1472 1642 ianua
1498 1584 1717 1643 raditur
1745 1585 1880 1643 oris,

536 1673 695 1733 haud
723 1675 898 1751 igitur,
922 1674 1220 1733 dubiumst
1248 1676 1390 1749 quin
1418 1694 1596 1733 voces
1625 1676 1919 1750 verbaque
1951 1682 2223 1733 constent

536 1767 835 1841 corporeis
865 1784 897 1823 e
928 1766 1242 1841 principiiS,
1274 1777 1338 1823 ut
1365 1766 1599 1824 laedere
1629 1767 1872 1840 possint.

535 1875 647 1915 nec
674 1868 734 1915 te
765 1857 903 1915 fallit
934 1858 1071 1915 item
1103 1856 1247 1932 quid
1276 1858 1538 1931 corporis
1568 1857 1788 1915 auferat
1817 1866 1876 1914 et
1903 1854 2072 1941 quid·
2260 1874 2351 1927 535
2445 1910 2454 1919 ,

537 1947 804 2006 detrahat
832 1966 905 2005 ex
934 1948 1241 2005 hominum
1271 1948 1459 2005 nervis
1487 1966 1558 2005 ac
1585 1948 1802 2005 viribus
1830 1948 1968 2021 ipsis

535 2049 855 2114 perpetuus
883 2057 1076 2096 sermo
1106 2038 1508 2113 nigrai'noctis
1538 2037 1614 2095 ad
1642 2039 1909 2096 umbram

537 2147 775 2187 aurorae
805 2128 1128 2203 perductus
1158 2129 1232 2187 ab
1262 2117 1559 2187 exoriente
1589 2128 1796 2200 nitore,

536 2220 875 2295 praesertim
905 2219 952 2277 si
980 2237 1117 2276 cum
1147 2228 1434 2277 summost
1461 2220 1715 2277 clamore
1745 2220 2032 2294 profusus,

537 2328 675 2386 ergo
705 2328 1053 2385 corpoream
1080 2328 1291 2368 vocem
1321 2321 1587 2367 constare
1616 2308 1950 2382 necessest,'
2258 2327 2354 2379 540

536 2402 717 2459 multa
740 2401 987 2475 loquens
1017 2401 1295 2475 quoniam
1326 2402 1537 2459 amittit
1566 2400 1640 2458 de
1671 2419 1917 2475 corpore
1945 2409 2194 2476 partem.

537 2493 814 2567 asperitas
842 2502 1039 2549 autem
1067 2492 1227 2549 vocis
1257 2492 1320 2549 fit
1349 2493 1423 2550 ab
1459 2492 1767 2566 asperitate

536 2582 953 2658 principiorum
986 2592 1044 2639 et
1074 2584 1213 2640 item
1243 2583 1404 2640 levor
1431 2583 1624 2640 levore
1655 2591 1898 2641 creatur.

535 2691 644 2731 nec
674 2674 842 2731 simili
871 2682 1179 2748 penetrant
1206 2674 1357 2730 auris
1388 2672 1705 2748 primordia
1733 2674 1937 2744 forma,

536 2781 671 2821 cum
701 2764 843 2821 tuba
871 2762 1151 2837 depresso
1180 2764 1426 2839 graviter
1452 2763 1560 2821 sub
1589 2781 1880 2820 murmure
1911 2761 2095 2837 mugit
2252 2779 2345 2832 545

537 2863 596 2912 et
620 2855 826 2912 reboat
854 2872 1094 2911 raucum
1124 2854 1282 2929 regio
1313 2855 1428 2911 cita
1456 2854 1698 2912 barbara
1725 2854 2030 2924 bombum,

537 2954 594 3001 et
619 2944 825 3002 validis
855 2941 1027 3019 cycni
1056 2946 1403 3002 torrentibus
1433 2962 1508 3001 ex
1537 2944 1846 3002 Heliconis

536 3053 669 3092 cum
700 3034 982 3109 liquidam
1012 3035 1216 3092 tollunt
1245 3035 1471 3109 lugubri
1501 3053 1648 3093 voce
1678 3034 2014 3109 querellam.

617 3127 819 3183 Hasce
849 3125 1019 3199 igitur
1046 3126 1277 3200 penitus
1305 3143 1482 3183 voces
1511 3143 1649 3182 cum
1678 3142 1926 3199 corpore
1956 3133 2158 3183 nostro

536 3216 911 3291 exprimimus
938 3225 1218 3289 rectoque
1249 3217 1400 3273 foras
1431 3216 1747 3273 emittimus
1776 3233 1897 3286 ore,
2123 3256 2128 3263 -
2255 3232 2351 3285 550

536 3307 764 3365 mobilis
793 3306 1055 3363 articulat
1080 3307 1390 3364 verborum
1420 3305 1667 3363 daedala
1694 3307 1894 3381 lingua

535 3397 971 3471 formaturaque
1000 3397 1291 3455 labrorum
1320 3415 1428 3472 pro
1458 3406 1620 3472 parte
1651 3398 1872 3472 figurat.

535 3486 651 3547 hoc
677 3488 779 3546 ubi
807 3506 930 3545 non
957 3487 1196 3562 longum
1226 3488 1532 3562 spatiumst
1560 3487 1719 3545 unde
1748 3506 1866 3545 una
1892 3487 2159 3562 profecta

536 3579 842 3655 perveniat
869 3597 987 3636 vox
1014 3596 1302 3653 quaeque,
1332 3588 1631 3635 necessest
1657 3579 1834 3636 verba
1862 3595 2100 3652 quoque
2129 3577 2254 3652 ipsa
