2784 3992
508 319 615 391 IL]
983 318 1091 370 DE
1144 318 1436 372 RERUM
1493 319 1836 372 NATURA
1990 277 1997 284 ’
2227 322 2310 387 43

504 489 789 554 quantum
819 478 1032 553 cuique
1062 476 1263 536 datum
1292 487 1381 536 est
1410 496 1518 553 per
1543 478 1783 537 foedera
1810 481 2047 538 naturai.

504 588 618 627 nec
645 588 839 628 rerum
868 587 1155 627 summam
1186 580 1550 628 commutare
1579 570 1694 627 ulla
1721 580 1916 646 potest
1945 572 2028 629 vis
2053 593 2068 643 ;

502 679 640 718 nam
671 678 883 736 neque,
912 678 1033 735 quo
1060 660 1245 734 possit
1270 678 1454 735 genus
1484 661 1663 718 ullum
1693 662 1952 719 materiai

504 752 757 827 effugere
776 769 849 808 ex
865 751 1045 823 omni,
1064 751 1379 825 quicquam
1400 760 1488 808 est
1506 760 1683 823 extra,
1703 770 1896 827 neque
1917 754 1975 810 in
1993 771 2170 811 omne
2217 771 2311 824 305

502 840 664 899 unde
693 851 896 900 coorta
924 849 1100 916 queat
1128 859 1282 899 nova
1308 842 1393 899 vis
1424 842 1754 917 inrumpere
1786 853 1845 900 et
1873 861 2112 900 omnem

504 943 767 991 naturam
794 951 987 991 rerum
1016 942 1238 991 mutare
1266 941 1327 991 et
1352 942 1574 990 vertere
1605 943 1814 992 motus.

589 1022 740 1081 Illud
768 1024 829 1081 in
859 1024 947 1082 his
977 1023 1148 1082 rebus
1178 1042 1299 1081 non
1328 1033 1416 1081 est
1444 1024 1722 1096 mirabile,
1753 1043 1950 1099 quare,

504 1115 705 1173 omnia
732 1133 870 1172 cum
897 1132 1089 1172 rerum
1118 1114 1433 1189 primordia
1460 1115 1574 1172 sint
1601 1115 1661 1173 in
1691 1124 1872 1188 motu,

504 1223 733 1263 summa
760 1215 961 1263 tamen
989 1223 1221 1263 summa
1244 1204 1511 1263 videatur
1537 1214 1686 1263 stare
1717 1206 1932 1280 quiete,
2219 1224 2315 1275 310

503 1305 909 1372 praeterquam
937 1294 1131 1371 siquid
1158 1296 1395 1372 proprio
1425 1294 1526 1354 dat
1554 1315 1799 1371 corpore
1829 1306 2040 1355 motus,

505 1387 695 1445 omnis
723 1388 880 1444 enim
908 1386 1083 1462 longe
1112 1387 1321 1445 nostris
1350 1386 1427 1445 ab
1455 1387 1719 1445 sensibus
1747 1387 1893 1445 infra

504 1478 823 1553 primorum
852 1486 1057 1535 natura
1084 1478 1271 1535 iacet:
1319 1488 1690 1551 quapropter,
1723 1478 1820 1536 ubi
1849 1478 1976 1553 ipsa

506 1586 742 1626 cernere
771 1569 887 1625 iam
915 1575 1194 1643 1161111635,
1224 1578 1419 1626 motus
1447 1586 1685 1643 quoque
1714 1586 1950 1644 surpere
1980 1568 2200 1628 debent
2219 1590 2236 1643 3

504 1660 843 1734 praesertim
872 1677 1028 1732 cum,
1058 1676 1209 1733 quae
1239 1659 1530 1733 possimus
1559 1676 1813 1729 cernere,
1845 1660 2038 1717 celent
2219 1678 2312 1732 315

506 1768 682 1825 saepe
711 1760 909 1807 tamen
938 1758 1133 1807 motus
1162 1751 1352 1825 spatio
1381 1747 1624 1806 diducta
1650 1749 1932 1807 locorum.

505 1859 642 1897 nam
671 1857 846 1915 saepe
876 1840 935 1897 in
964 1840 1101 1897 colli
1128 1838 1441 1897 tondentes
1470 1839 1684 1913 pabula
1709 1840 1862 1897 laeta

504 1931 792 2007 lanigerae
822 1940 1053 2005 reptant
1080 1930 1343 2005 pecudes
1372 1948 1493 2005 quo
1524 1948 1819 2005 quamque
1849 1940 2130 1989 vocantes

505 2022 749 2079 invitant
776 2021 991 2079 herbae
1020 2030 1384 2095 gemmantes
1414 2038 1542 2079 rore
1572 2022 1812 2094 recenti,

507 2121 565 2169 et
593 2112 779 2169 satiati
807 2112 937 2187 agni
970 2110 1181 2169 ludunt
1208 2111 1544 2186 blandeque
1574 2121 1886 2169 coruscant
1905 2132 1923 2184 3
2220 2132 2315 2183 320

506 2203 704 2259 omnia
731 2219 883 2277 quae
913 2202 1084 2261 nobis
1113 2202 1285 2276 longe
1316 2202 1562 2260 confusa
1588 2201 1858 2260 videntur

506 2302 566 2351 et
592 2293 749 2351 velut
776 2293 837 2350 in
863 2291 1031 2351 viridi
1058 2292 1283 2350 candor
1309 2293 1629 2351 consistere
1657 2293 1808 2351 colli.

505 2392 807 2459 praeterea
833 2401 1079 2458 magnae
1108 2383 1368 2458 legiones
1398 2401 1536 2441 cum
1563 2383 1696 2440 loca
1723 2401 1897 2441 cursu

507 2492 855 2549 camporum
882 2474 1183 2549 complent
1211 2474 1345 2532 belli
1374 2473 1680 2531 simulacra
1708 2474 1948 2545 cienteS‚

504 2564 693 2642 fulgor
720 2564 800 2623 ibi
829 2562 905 2622 ad
934 2565 1164 2622 caelum
1192 2582 1254 2622 se
1284 2564 1432 2622 tollit
1461 2573 1700 2638 totaque
1729 2564 1947 2622 circum
2224 2583 2317 2637 325

507 2674 639 2715 aere
669 2654 985 2714 renidescit
1012 2655 1179 2713 tellus
1208 2664 1524 2730 supterque
1553 2656 1737 2713 virum
1764 2654 1822 2712 vi

506 2747 733 2805 excitur
757 2744 1011 2821 pedibus
1038 2746 1259 2804 sonitus
1288 2746 1662 2819 clamoreque
1691 2754 1922 2804 montes

505 2837 607 2896 icti
635 2837 917 2894 reiectant
945 2854 1119 2895 voces
1148 2836 1225 2894 ad
1254 2836 1443 2894 sidera
1471 2834 1678 2895 mundi

508 2937 567 2985 et
596 2927 1063 2985 circumvolitant
1090 2927 1317 3002 equites
1346 2928 1700 3002 mediosque
1730 2936 1971 3002 repente

506 3018 832 3076 tramittunt
860 3016 1052 3076 valido
1081 3018 1405 3092 quatientes
1434 3017 1650 3092 impete
1681 3036 1940 3093 campos.
2225 3037 2322 3087 330

508 3118 569 3167 et
596 3119 795 3167 tamen
824 3117 913 3166 est
941 3106 1182 3182 quidam
1212 3109 1375 3165 locus
1406 3108 1531 3165 altis
1559 3108 1855 3166 montibus
1885 3105 2044 3164 unde

508 3209 659 3259 stare
688 3197 964 3256 videntur
991 3207 1051 3257 et
1078 3198 1136 3256 in
1167 3198 1389 3273 campis
1419 3198 1736 3256 consistere
1765 3198 1964 3273 fulgor.

592 3290 772 3347 Nunc
800 3308 910 3365 age
940 3290 1066 3347 iam·
1084 3288 1365 3364 deinceps
1395 3300 1737 3346 cunctarum
1769 3288 2006 3345 exordia
2031 3305 2221 3345 rerum

510 3381 705 3456 qualia
731 3380 846 3439 sint
874 3390 933 3439 et
961 3398 1138 3455 quam
1166 3380 1341 3456 longe
1370 3380 1644 3438 distantia
1671 3379 1868 3438 formis

509 3471 769 3548 percipe,
798 3471 1129 3547 multigenis
1158 3490 1335 3546 quam
1364 3471 1479 3528 sint
1506 3470 1719 3528 variata
1746 3469 1940 3545 figuris
1963 3489 1980 3541 3
2224 3486 2317 3539 335

509 3581 633 3622 non
662 3579 785 3640 quo
813 3562 995 3621 multa
1021 3579 1228 3637 parum
1257 3562 1428 3619 simili
1455 3561 1568 3619 sint
1595 3561 1859 3636 praedita
1885 3560 2086 3631 forma,
