2784 3992
526 326 647 393 154
1186 324 1648 379 LUCRETIUS
2228 322 2328 397 [v.
2405 314 2420 324 ’

514 497 851 565 quantaque
882 495 1155 561 quantast
1182 486 1320 544 hinc
1349 485 1520 544 nobis
1546 484 1813 543 videatur
1839 485 1901 542 in
1930 485 2065 543 alto.

514 589 811 653 postremo
840 595 1245 652 quoscumque
1273 574 1438 635 vides
1467 575 1604 633 hinc
1632 574 1880 634 aetheris
1907 574 2070 649 ignes
2090 595 2109 647 ;
2232 583 2327 645 585

513 668 999 743 quandoquidem
1029 685 1438 744 quoscumque
1467 666 1528 723 in
1555 667 1718 724 terris
1744 666 2036 723 cernimus
2065 666 2247 741 ignes,

515 759 657 817 dum
688 770 903 819 tremor
928 768 1016 818 est
1045 760 1251 831 clarus,
1281 758 1426 817 dum
1453 758 1707 815 cernitur
1733 755 1907 815 ardor
1934 774 2158 827 eorum,

513 839 866 925 perparvom*
890 848 1173 925 quiddam
1204 848 1495 907 interdum
1528 857 1750 905 mutare
1780 847 2008 906 videtur

514 942 752 999 alteram
783 951 967 999 utram
996 939 1056 999 in
1083 950 1309 1016 partem
1338 939 1520 1011 filum,
1551 957 1674 1015 quo
1701 939 1931 1014 longius
1959 939 2207 1011 absunt3

514 1031 661 1089 scire
689 1032 827 1089 licet
853 1049 1135 1107 perquam
1163 1029 1418 1106 pauxillo
1445 1024 1909 1104 posse'minor'es
2229 1046 2331 1103 590

516 1139 643 1180 esse
671 1123 764 1180 vel
793 1122 1001 1198 exigua
1028 1122 1257 1180 maioris
1284 1129 1451 1197 parte
1481 1120 1781 1196 brevique.
1820 1135 1828 1144 ·

598 1211 751 1270 Illud
778 1213 917 1271 item
946 1230 1068 1271 non
1096 1222 1183 1271 est
1211 1210 1560 1282 mirandum,
1590 1228 1709 1287 qua
1735 1210 1959 1269 ratione

514 1304 767 1362 tantulus
794 1304 887 1361 ille
918 1313 1094 1377 queat
1120 1312 1346 1361 tantum
1374 1302 1463 1361 sol
1491 1300 1718 1360 mittere
1746 1302 1962 1373 lumen,

514 1394 679 1470 quod
706 1396 885 1451 maria
912 1412 982 1451 ac
1010 1403 1187 1452 terras
1216 1394 1408 1452 omnis
1437 1392 1787 1468 caelumque
1813 1390 2061 1467 rigando

516 1485 811 1560 compleat
838 1493 898 1542 et
924 1483 1117 1542 calido
1145 1483 1458 1559 perfundat
1485 1494 1701 1542 cuncta
1729 1500 1967 1559 vapore.
2228 1501 2326 1557 595

515 1594 651 1633 nam
679 1575 817 1633 licet
845 1575 981 1632 hinc
1010 1575 1215 1633 mundi
1244 1575 1600 1650 patefactum
1629 1575 1804 1634 totius
1831 1592 2015 1632 unum

514 1665 836 1741 largifluum
865 1666 1086 1723 fontem
1115 1675 1337 1725 scatere
1367 1665 1542 1740 atq'ue
1572 1684 1876 1740 erumpere
1905 1666 2125 1737 lumen,

517 1774 591 1814 ex
616 1760 781 1815 omni
807 1755 1033 1814 mundo
1063 1757 1200 1832 quia
1228 1756 1312 1815 sic
1341 1757 1633 1814 elementa
1660 1755 1889 1831 vaporis

516 1846 777 1922 undique
806 1847 1163 1905 conveniunt
1191 1856 1250 1905 et
1278 1847 1362 1905 sic
1390 1847 1694 1905 coniectus
1727 1864 1930 1905 eorum
2227 1851 2332 1903 600

516 1938 778 2010 confluit,
808 1956 882 1995 ex
909 1956 1029 1995 uno
1058 1938 1250 2013 capite
1280 1937 1376 1995 hic
1406 1947 1470 1995 ut
1497 1937 1747 2013 profluat
1773 1937 1962 1996 ardor.

513 2036 715 2087 nonne
741 2027 907 2085 vides
935 2028 1109 2085 etiam
1138 2036 1317 2102 quam
1346 2028 1459 2086 late
1489 2046 1697 2104 parvus
1725 2028 1899 2103 aquai

512 2129 677 2193 prata
702 2124 849 2194 riget
875 2118 1007 2176 fons
1036 2118 1330 2176 interdum
1358 2120 1702 2196 campisque
1730 2117 2062 2178 redundet?

513 2218 600 2267 est
628 2210 804 2267 etiam
832 2226 1069 2283 quoque
1099 2209 1181 2266 uti
1209 2227 1331 2266 non
1359 2228 1577 2284 magno
1605 2210 1740 2268 solis
1769 2212 1845 2269 ab
1871 2210 1989 2287 igni

513 2304 646 2359 aera
672 2299 956 2375 percipiat
983 2298 1184 2357 calidis
1212 2299 1530 2358 fervoribus
1557 2298 1747 2372 ardor,
2227 2306 2327 2371 605

514 2398 875 2466 opportunus
904 2390 983 2446 ita
1010 2399 1098 2447 est
1126 2389 1171 2447 si
1202 2389 1347 2447 forte
1376 2399 1438 2447 et
1464 2389 1715 2449 idoneus
1742 2394 1860 2464 aer,

514 2490 577 2538 ut
606 2490 783 2555 queat
810 2478 1055 2537 accendi
1086 2480 1275 2555 parvis
1305 2482 1608 2539 ardoribus
1637 2482 1787 2539 ictus
1808 2502 1827 2554 3

514 2570 676 2645 quod
703 2588 887 2647 genus
916 2570 1208 2629 interdum
1238 2582 1466 2647 segetes
1495 2573 1884 2648 stipulamque
1912 2569 2178 2632 videmus

515 2660 797 2720 accedere
826 2680 901 2719 ex
928 2680 1046 2719 una
1072 2661 1317 2720 scintilla
1344 2662 1620 2721 incendia
1646 2663 1878 2738 passim.

516 2753 750 2810 forsitan
779 2762 838 2810 et
866 2770 1035 2810 rosea
1060 2753 1146 2809 sol
1174 2753 1285 2810 alte
1315 2752 1587 2829 lampade
1616 2754 1820 2812 lucens
2229 2762 2333 2812 610

515 2842 811 2918 possideat
838 2843 1084 2900 multum
1113 2844 1305 2901 caecis
1333 2844 1652 2919 fervoribus
1680 2844 1877 2921 ignem

517 2934 736 2990 circum
764 2950 846 3005 se,
876 2933 1034 2991 nullo
1063 2934 1163 3008 qui
1193 2934 1265 2992 sit
1292 2934 1513 3009 fulgore
1543 2944 1796 3005 notatuS‚

518 3024 747 3081 aestifer
772 3033 836 3081 ut
862 3010 1088 3081 tantum
1116 3023 1410 3082 radiorum
1442 3033 1725 3099 exaugeat
1752 3024 1950 3083 ictum.

598 3115 732 3172 Nec
758 3114 903 3172 ratio
932 3114 1067 3172 solis
1095 3115 1341 3189 simplex
1369 3124 1429 3172 et
1456 3125 1615 3173 certa
1641 3115 1908 3190 patescit,

517 3223 639 3280 quo
666 3214 841 3279 pacto
870 3205 1099 3263 aestivis
1127 3223 1160 3262 e
1190 3206 1449 3281 partibus
1477 3206 1842 3282 aegocerotis
2229 3213 2332 3281 615

515 3295 789 3354 brumalis
817 3294 992 3353 adeat
1020 3295 1201 3353 flexus
1229 3306 1403 3370 atque
1433 3295 1574 3355 inde
1601 3305 1896 3356 revertens
1991 3358 2006 3366 ,

519 3387 712 3444 cancri
742 3404 802 3445 se
833 3395 897 3444 ut
923 3396 1107 3445 vertat
1136 3397 1319 3444 metas
1348 3384 1426 3443 ad
1456 3387 1784 3460 solstitialis,

518 3477 770 3552 lunaque
800 3478 1097 3536 mensibus
1126 3477 1188 3535 id
1216 3477 1465 3553 spatium
1495 3476 1758 3537 videatur
1785 3478 1967 3553 obire,

520 3587 715 3626 annua
742 3569 829 3627 sol
855 3568 915 3627 in
945 3588 1065 3644 quo
1093 3569 1385 3627 consumit
1414 3578 1681 3645 tempora
1707 3588 1898 3628 cursu.
