2784 3992
519 322 626 396 11.]
993 326 1103 379 DE
1155 326 1449 381 RERUM
1505 325 1847 380 NATURA

511 486 889 564 nequiquam,
917 488 1195 565 quoniam
1224 506 1336 547 nec
1365 506 1551 547 venae
1578 489 1982 564 perpetiuntur

2238 315 2325 397 67

511 579 674 653 quod
702 582 838 639 satis
867 591 955 639 est
981 599 1173 655 neque
1203 590 1487 655 quantum
1509 598 1658 655 opus
1681 591 1769 639 est
1789 590 1996 640 natura
2015 583 2320 643 ministrat.

509 671 630 729 iure
660 672 832 747 igitur
857 682 1121 748 pereunt,
1152 691 1287 729 cum
1320 672 1600 729 rarefacta
1627 671 1866 730 fluendo

510 772 642 819 sunt
670 772 730 820 et
758 781 892 820 cum
922 764 1171 821 externis
1200 763 1591 820 succumbunt
1618 762 1819 820 omnia
1847 764 2048 839 plagiS,

509 852 992 927 quandoquidem
1019 853 1219 929 grandi
1251 854 1417 914 cibus
1447 871 1594 911 aevo
1624 852 1880 929 denique
1910 853 2054 912 defit

507 960 618 999 nec
647 942 956 1002 tuditantia
982 962 1106 1001 rem
1134 953 1363 1001 cessant
1392 941 1750 1003 extrinsecus
1777 945 1954 1003 ullam

506 1050 756 1108 corpora
781 1034 1072 1093 conficere
1102 1044 1162 1091 et
1189 1034 1371 1109 plagis
1400 1034 1609 1092 infesta
1636 1034 1896 1093 domare.

506 1124 587 1181 sic
616 1124 788 1199 igitur
813 1125 1009 1199 magni
1038 1142 1275 1199 quoque
1306 1124 1528 1182 circum
1558 1125 1792 1183 moenia
1819 1125 2028 1183 mundi

506 1223 837 1290 expugnata
864 1213 1089 1273 dabunt
1113 1215 1307 1273 labem
1336 1216 1636 1290 putrisque
1665 1215 1878 1274 ruinaS.

504 1304 737 1379 iamque
766 1304 918 1364 adeo
946 1306 1125 1363 fracta
1153 1314 1242 1364 est
1268 1316 1428 1363 aetas
1457 1306 1745 1380 effetaque
1775 1306 1944 1377 tellus

503 1396 596 1453 vix
624 1396 895 1454 animalia
920 1414 1098 1472 parva
1124 1406 1283 1454 creat
1311 1415 1464 1471 quae
1492 1407 1708 1454 cuncta
1734 1397 1950 1455 creavit

502 1486 693 1545 saecla
720 1486 1002 1561 deditque
1031 1487 1278 1545 ferarum
1307 1488 1566 1563 ingentia
1594 1505 1843 1562 corpora
1869 1496 2057 1562 partu.

500 1576 677 1648 haud,
706 1586 773 1635 ut
799 1578 1027 1652 opinor,
1059 1578 1216 1636 enim
1245 1578 1511 1636 mortalia
1540 1578 1733 1635 saecla
1761 1596 2012 1653 superne

500 1685 676 1725 aurea
702 1666 781 1725 de
808 1666 977 1726 caelo
1006 1667 1239 1726 demisit
1266 1668 1418 1726 funis
1447 1668 1507 1725 in
1535 1686 1672 1725 arva

497 1775 611 1815 nec
639 1776 799 1816 mare
829 1776 943 1817 nec
970 1758 1182 1817 fluctus
1210 1759 1537 1833 plangentis
1566 1777 1705 1816 saxa
1729 1769 2016 1831 crearunt,

498 1847 604 1906 sed
632 1848 836 1924 genuit
864 1850 1030 1907 tellus
1060 1848 1270 1907 eadem
1302 1867 1454 1924 quae
1484 1867 1641 1906 nunc
1671 1850 1770 1907 alit
1799 1867 1872 1906 ex
1900 1867 1983 1908 se.

498 1949 800 2014 praeterea
827 1940 1038 1998 nitidas
1067 1940 1257 2015 fruges
1284 1940 1599 2015 vinetaque
1628 1940 1781 1997 laeta

499 2039 708 2105 sponte
738 2049 843 2088 sua
868 2031 1119 2105 primum
1151 2030 1489 2089 mortalibus
1517 2031 1644 2105 ipsa
1674 2030 1907 2104 creavit,

499 2120 625 2195 ipsa
653 2119 819 2179 dedit
846 2120 1033 2179 dulcis
1061 2122 1213 2179 fetus
1244 2130 1303 2179 et
1331 2120 1548 2196 pabula
1575 2120 1727 2195 laeta
1749 2140 1767 2194 3

500 2229 650 2287 quae
679 2230 837 2269 nunc
865 2213 960 2269 vix
986 2222 1187 2270 nostro
1215 2211 1609 2287 grandescunt
1637 2220 1812 2268 aucta
1838 2212 2056 2284 labore,

499 2304 972 2377 conterimusque
1000 2303 1183 2361 boves
1211 2312 1270 2359 et
1296 2302 1428 2359 viris
1457 2301 1854 2376 agricolarum,

499 2394 845 2459 conficimus
874 2394 1086 2451 ferrum
1116 2394 1212 2452 vix
1240 2393 1385 2450 arvis
1419 2392 1812 2467 suppeditati:
1937 2454 1944 2460 ,

502 2505 687 2561 usque
716 2486 871 2545 adeo
899 2497 1147 2562 parcunt
1174 2488 1325 2543 fetus
1354 2494 1687 2560 augentque
1716 2485 1933 2545 labore.

499 2576 732 2652 iamque
762 2587 941 2679 caput
968 2595 1249 2651 quassans
1278 2576 1513 2651 grandis
1543 2576 1789 2650 suspirat
1817 2586 2008 2635 arator

500 2668 773 2739 crebriuS,
804 2668 1094 2725 incassum
1124 2686 1404 2724 manuum
1433 2666 1717 2725 cecidisse
1746 2666 1990 2739 laboreS,

501 2766 558 2816 et
585 2777 721 2815 cum
752 2767 1018 2832 tempora
1044 2758 1405 2833 temporibus
1434 2756 1761 2832 praesentia
1789 2758 2015 2815 confert

500 2848 838 2923 praeteritiS,
868 2847 1064 2905 laudat
1092 2849 1350 2907 fortunas
1380 2866 1554 2922 saepe
1578 2848 1834 2922 parentis

501 2948 559 2996 et
585 2949 805 3013 crepat,
836 2939 1095 2996 anticum
1122 2957 1307 3014 genus
1336 2948 1400 2995 ut
1428 2939 1642 3012 pietate
1671 2938 1956 3012 repletum

500 3029 771 3103 perfacile
800 3030 1057 3104 angustis
1085 3030 1339 3087 tolerarit
1367 3029 1580 3086 finibus
1608 3046 1835 3100 aevom,

502 3138 637 3177 cum
665 3120 858 3177 minor
885 3130 1038 3177 esset
1065 3121 1184 3195 agri
1213 3120 1395 3177 multo
1427 3118 1639 3177 modus
1669 3128 1801 3176 ante
1829 3118 2059 3176 viritim.

502 3210 673 3269 tristis
702 3211 843 3268 item
872 3211 1100 3267 vetulae
1129 3211 1257 3267 vitis
1286 3223 1444 3267 sator
1471 3220 1647 3284 atque
1677 3210 1865 3267 vietae

502 3299 783 3376 temporis
812 3299 1040 3358 incusat
1068 3317 1307 3358 momen
1337 3300 1685 3373 caelumque
1714 3300 1914 3374 fatigat

504 3408 612 3448 nec
640 3400 803 3449 tenet
830 3391 1031 3449 omnia
1057 3391 1336 3465 paulatim
1364 3391 1666 3448 tabescere
1697 3399 1756 3447 et
1784 3390 1866 3447 ire

504 3480 578 3539 ad
606 3482 882 3557 capulum
912 3482 1103 3556 spatio
1132 3482 1335 3540 aetatis
1368 3481 1594 3538 defessa
1621 3489 1868 3538 vetusto.

1802 3748 1840 3775 l

2189 873 2309 925 1145

2192 1326 2319 1378 ยนยน50

2188 1778 2311 1833 1155

2189 2218 2316 2269 1160

2189 2674 2310 2740 1165

2188 3136 2315 3185 1170
