2784 3992
490 302 575 388 36
1170 318 1635 374 LUCRETIUS
2188 315 2302 387 [11.

486 504 637 561 quae
665 485 831 561 pueri
860 486 920 542 in
946 484 1201 543 tenebris
1228 484 1489 558 pavitant
1517 481 1862 558 finguntque
1889 481 2097 541 fiitura.

486 576 643 635 hunc
672 577 842 651 igitur
867 586 1145 633 terrorem
1172 574 1352 632 animi
1380 574 1770 649 tenebrasque
1798 581 2099 633 necessest

484 686 606 726 non
634 667 779 725 radii
807 668 943 725 solis
970 684 1163 741 neque
1192 663 1389 722 lucida
1416 664 1534 723 tela
1561 664 1680 723 diei
2235 668 2304 720 60

484 758 813 830 discutiant,
844 757 948 815 sed
978 766 1214 814 naturae
1245 756 1472 831 species
1498 756 1784 830 ratioque.

565 850 741 906 Nunc
768 867 896 923 age,
929 866 1048 921 quo
1076 857 1241 906 motu
1269 847 1540 923 genitalia
1567 846 1828 904 materiai

482 957 733 1013 corpora
760 956 850 996 res
878 938 1062 995 varias
1091 938 1329 1012 gignant
1357 938 1700 1013 genitasque
1729 936 2020 994 resolvant

484 1039 542 1087 et
571 1047 686 1104 qua
712 1030 768 1086 vi
797 1030 986 1086 facere
1016 1028 1077 1086 id
1105 1038 1388 1104 cogantur
1415 1045 1683 1103 quaeque
1713 1028 1785 1085 sit
1813 1027 1940 1085 ollis

482 1118 712 1177 reddita
739 1120 1027 1177 mobilitas
1058 1137 1335 1193 magnum
1363 1136 1472 1192 per
1497 1119 1669 1175 inane
1699 1116 1956 1189 meandi,
2232 1120 2298 1188 65

483 1210 793 1286 expediam
818 1231 829 1267 :
877 1219 938 1267 tu
968 1218 1027 1267 te
1056 1208 1228 1266 dictis
1256 1208 1537 1284 praebere
1567 1217 1883 1267 mementO.

482 1319 620 1358 nam
649 1310 805 1358 certe
836 1318 959 1357 non
987 1300 1136 1357 inter
1164 1317 1225 1357 se
1255 1300 1466 1373 stipata
1493 1298 1771 1356 cohaeret

482 1391 767 1462 materies,
800 1391 1078 1465 quoniam
1107 1389 1291 1447 minui
1316 1407 1443 1446 rem
1471 1407 1767 1463 quamque
1794 1386 2064 1447 videmus

482 1492 541 1540 et
570 1482 735 1557 quasi
763 1481 1081 1556 longinquo
1111 1480 1288 1537 fluere
1318 1480 1518 1537 omnia
1545 1480 1836 1537 cernimus
1863 1497 2014 1539 aevo

482 1591 556 1630 ex
584 1571 881 1646 oculisque
910 1580 1258 1629 vetustatem
1288 1570 1616 1629 subducere
1644 1570 1877 1641 nostriS,
2232 1590 2300 1640 70

482 1682 618 1721 cum
647 1673 839 1720 tamen
872 1662 1179 1719 incolumis
1208 1659 1472 1719 videatur
1499 1680 1730 1719 summa
1755 1678 1994 1720 manere

481 1762 789 1828 propterea
818 1753 971 1826 quia,
1001 1769 1151 1826 quae
1182 1750 1483 1809 decedunt
1511 1769 1759 1827 corpora
1785 1752 2019 1827 cuique,

480 1842 638 1902 unde
667 1843 883 1900 abeunt
911 1843 1197 1913 minuunt,
1227 1859 1348 1917 quo
1374 1860 1587 1900 venere
1619 1841 1890 1919 augmine
1920 1842 2164 1917 donant,

480 1934 576 1991 illa
602 1951 904 1992 senescere
934 1942 993 1989 at
1022 1932 1169 1991 haec
1198 1942 1405 1991 contra
1431 1933 1736 1992 florescere
1767 1942 2003 2008 cogunt,

479 2041 591 2081 nec
619 2032 977 2089 remorantur
1005 2023 1100 2081 ibi.
1147 2023 1229 2080 sic
1256 2042 1450 2081 rerum
1479 2042 1709 2081 summa
1734 2032 1981 2082 novatur
2236 2041 2296 2095 75

479 2132 726 2189 semper,
757 2122 815 2172 et
843 2114 990 2171 inter
1018 2131 1079 2170 se
1110 2114 1379 2171 mortales
1410 2123 1613 2171 mutua
1639 2114 1858 2173 vivunt.

479 2214 798 2281 augescunt
825 2205 968 2261 aliae
998 2213 1219 2279 genteS,
1250 2204 1395 2262 aliae
1427 2205 1786 2278 minuuntur,

478 2297 655 2369 inque
683 2294 844 2353 brevi
870 2294 1058 2369 spatio
1088 2304 1381 2353 mutantur
1410 2296 1602 2354 saecla
1629 2296 1994 2354 animantum

480 2395 539 2443 et
567 2384 730 2460 quasi
757 2403 1021 2443 cursores
1047 2385 1187 2442 vitai
1212 2384 1493 2460 lampada
1519 2387 1774 2445 tradunt.

549 2475 609 2534 Si
636 2494 861 2533 cessare
888 2485 1059 2550 putas
1088 2494 1279 2533 rerum
1309 2476 1632 2552 primordia
1658 2494 1833 2551 posse
2227 2482 2296 2535 80
2375 2504 2390 2517 ·

480 2564 883 2640 cessandoque
913 2584 1097 2624 novos
1127 2584 1318 2623 rerum
1348 2568 1693 2642 progignere
1723 2575 1935 2638 motuS,

478 2657 636 2714 avius
665 2675 700 2715 a
724 2674 861 2713 vera
885 2656 1058 2731 longe
1088 2656 1310 2714 ratione
1340 2658 1581 2734 vagaris·

477 2766 613 2804 nam
641 2747 919 2822 quoniam
946 2765 1052 2822 per
1078 2747 1252 2804 inane
1282 2758 1579 2823 vagantur,
1609 2756 1827 2805 cuncta
1852 2754 2150 2807 necessest

477 2847 576 2895 aut
602 2838 875 2913 gravitate
905 2855 1009 2894 sua
1037 2838 1166 2894 ferri
1197 2838 1520 2914 primordia
1545 2856 1737 2896 rerum

476 2938 576 2986 aut
603 2928 721 2985 ictu
750 2928 894 2985 forte
924 2927 1169 2987 alterius.
1213 2947 1352 2987 nam
1380 2948 1518 2987 cum
1545 2929 1662 2986 cita
1688 2946 1864 3003 saepe
2225 2932 2289 2998 85

477 3018 650 3077 obvia
678 3017 1009 3090 conflixere,
1039 3019 1105 3076 fit
1133 3029 1198 3077 ut
1226 3020 1454 3078 diversa
1479 3029 1722 3095 repente

477 3109 756 3166 dissiliant
777 3130 794 3182 3
837 3127 1031 3185 neque
1063 3110 1219 3168 enim
1250 3112 1478 3180 mirum,
1502 3110 1806 3170 durissima
1835 3126 1984 3183 quae
2014 3108 2126 3166 sint

476 3199 833 3274 ponderibus
863 3200 1063 3259 solidis
1092 3220 1284 3277 neque
1315 3202 1632 3276 quicquam
1661 3219 1696 3257 a
1722 3210 1885 3275 tergo
1915 3199 2044 3257 ibus
2073 3199 2290 3259 obstet.

478 3299 536 3347 et
562 3308 682 3365 quo
712 3291 910 3349 iactari
938 3292 1123 3366 magis
1151 3293 1350 3350 omnia
1375 3292 1638 3350 materiai

477 3399 724 3456 corpora
750 3382 1072 3458 pervideas,
1100 3383 1472 3440 reminiscere
1502 3382 1677 3439 totius
1704 3380 1886 3438 imum
2219 3401 2290 3455 90

477 3472 556 3528 nil
584 3490 711 3529 esse
737 3472 800 3530 in
827 3490 1072 3543 summa,
1101 3490 1295 3548 neque
1324 3470 1666 3530 habere'ubi
1694 3488 1944 3545 corpora
1969 3469 2160 3544 prima

477 3562 812 3634 consistant,
843 3562 1123 3636 quoniam
1154 3564 1402 3637 spatium
1433 3564 1556 3619 sine
1585 3561 1700 3617 fine
1730 3560 2084 3636 modoquest
