2784 3992
495 299 569 360 18
1159 309 1621 362 LUCRETms
2211 307 2289 376 [1.

483 491 670 548 usque
700 470 871 541 ade0‚
898 472 1087 530 variae
1115 471 1378 529 volucres
1409 479 1471 527 ut
1499 471 1560 527 in
1588 470 1792 528 ordine
1822 478 2069 528 cunctae

483 562 800 621 ostendant
825 562 1081 620 maculas
1107 561 1391 637 generalis
1422 578 1668 635 corpore
1698 561 1906 633 inesse,
2198 576 2295 632 590

484 653 824 713 inmutabili’
856 653 1128 711 materiae
1158 670 1397 726 quoque
1427 669 1638 727 corpus
1667 651 1880 709 habere

482 745 701 804 debent
729 745 1019 804 nimirum.
1066 762 1203 801 nam
1233 743 1280 801 si
1308 741 1626 818 primordia
1651 760 1845 799 rerum

482 837 827 897 commutari
854 837 1047 909 aliqua
1074 834 1300 908 possint
1326 833 1550 891 ratione
1579 833 1814 905 revicta,

480 927 766 985 incertum
795 943 1032 1001 quoque
1063 925 1180 981 iam
1205 933 1440 982 constet
1467 922 1610 997 quid
1640 923 1824 998 possit
1854 921 2007 994 oriri,

481 1016 624 1091 quid
652 1026 924 1091 nequeat,
955 1016 1113 1073 finita
1145 1022 1407 1089 potestas
1434 1012 1690 1088 denique
1721 1014 1934 1086 cuique
2202 1029 2295 1084 595

481 1126 733 1182 quanam
763 1109 835 1166 sit
861 1107 1082 1165 ratione
1113 1116 1290 1180 atque
1321 1105 1435 1163 alte
1464 1105 1742 1164 terminus
1772 1103 2034 1174 haerens,

481 1217 592 1255 nec
621 1199 832 1257 totiens
860 1199 1087 1272 possint
1113 1197 1436 1273 generatim
1466 1195 1661 1254 saecla
1688 1195 1897 1252 referre

480 1298 745 1347 naturam
773 1307 966 1347 mores
994 1289 1212 1346 victum
1239 1297 1553 1362 motusque
1582 1296 1908 1362 parentum.

557 1381 713 1436 Tum
734 1397 908 1454 porro
932 1380 1210 1454 quoniam
1231 1388 1322 1437 est
1349 1389 1676 1436 extremum
1705 1375 1986 1451 quodque
2014 1392 2301 1434 cacumen

479 1471 738 1544 corporis
767 1470 912 1528 illius
942 1468 1105 1544 quod
1133 1470 1314 1527 nostri
1342 1486 1582 1527 cernere
1610 1485 1815 1527 sensus
2202 1472 2303 1522 600

481 1561 595 1616 iam
625 1569 943 1634 nequeunt,
973 1560 1034 1617 id
1063 1560 1333 1617 nimirum
1363 1561 1488 1618 sine
1509 1559 1767 1635 partibus
1796 1566 1954 1616 extat

481 1659 540 1708 et
567 1651 810 1708 minima
838 1659 1068 1708 constat
1096 1660 1298 1707 natura
1325 1668 1438 1707 nec
1468 1651 1573 1708 fuit
1599 1668 1882 1725 umquam

479 1759 585 1816 per
611 1759 673 1798 se
703 1751 992 1799 secretum
1020 1759 1214 1815 neque
1241 1741 1490 1815 posthac
1520 1760 1646 1799 esse
1673 1740 1909 1810 valebit,

480 1831 709 1888 alterius
740 1832 1075 1905 quoniamst
1103 1833 1293 1906 ipsum
1322 1850 1475 1906 parS,
1507 1833 1808 1907 primaque
1840 1840 1901 1888 et
1926 1847 2047 1888 una

481 1920 618 1979 inde
648 1921 790 1980 aliae
820 1931 994 1996 atque
1024 1922 1169 1980 aliae
1193 1923 1407 1980 similes
1437 1941 1511 1980 ex
1539 1923 1743 1998 ordine
1772 1931 1966 1997 partes
2198 1925 2297 1990 605

481 2013 712 2088 agmine
742 2012 1048 2071 condenso
1076 2022 1341 2071 naturam
1371 2014 1633 2088 corporis
1662 2013 1916 2088 explent,

481 2122 632 2178 quae
662 2104 938 2178 quoniam
969 2123 1075 2179 per
1101 2122 1165 2162 se
1195 2113 1497 2178 nequeunt
1519 2114 1806 2174 constare,
1837 2110 2135 2161 necessest

481 2194 716 2252 haerere
744 2193 903 2252 unde
934 2204 1151 2268 queant
1179 2195 1335 2252 nulla
1361 2196 1586 2253 ratione
1614 2195 1826 2253 revelli.

482 2295 614 2344 sunt
642 2286 813 2360 igitur
839 2284 1027 2343 solida
1053 2285 1371 2360 primordia
1400 2286 1764 2361 simplicitate

482 2394 631 2451 quae
662 2376 914 2434 minimis
941 2375 1151 2450 stipata
1179 2375 1494 2433 cohaerent
1521 2377 1779 2450 partibus
1808 2384 1950 2449 arte,
2192 2381 2255 2431 61
2269 2395 2303 2430 ο

481 2485 601 2524 non
630 2484 702 2523 ex
731 2466 951 2523 illarum
981 2476 1275 2523 conventu
1304 2466 1631 2538 conciliata,

309 2623 318 2632 ‚
409 2627 416 2632 Ι
481 2556 588 2615 sed
617 2557 798 2632 magis
827 2565 1064 2614 aeterna
1090 2556 1373 2631 pollentia
1401 2556 1789 2631 simplicitate,

481 2646 639 2704 unde
669 2665 863 2721 neque
893 2647 1058 2705 avelli
1087 2647 1405 2721 quicquam
1433 2665 1628 2723 neque
1659 2647 1921 2706 deminui
1948 2647 2066 2706 iam

482 2737 759 2796 concedit
786 2746 992 2794 natura
1017 2739 1314 2795 reservans
1343 2739 1572 2796 semina
1600 2739 1789 2797 rebus.

480 2837 781 2903 praeterea
808 2828 917 2886 nisi
947 2829 1053 2886 erit
1082 2829 1408 2901 minimum,
1438 2830 1777 2904 parvissima
1804 2849 2072 2906 quaeque
2201 2836 2301 2902 615

483 2938 729 2994 corpora
757 2920 1106 2977 constabunt
1134 2938 1209 2976 ex
1235 2921 1495 2994 partibus
1525 2921 1780 2991 infinitis,

482 3009 700 3084 quippe
731 3009 831 3068 ubi
858 3008 1135 3068 dimidiae
1164 3011 1340 3084 partis
1368 3028 1502 3084 pars
1530 3029 1763 3085 semper
1790 3011 2029 3070 habebit

484 3099 788 3158 dimidiam
817 3109 1042 3175 partem
1071 3118 1182 3157 nec
1213 3120 1304 3158 res
1334 3101 1639 3175 praefiniet
1668 3102 1799 3158 ulla.

483 3210 622 3266 ergo
650 3210 840 3248 rerum
870 3190 1020 3248 inter
1047 3209 1335 3248 summam
1365 3193 1785 3266 minimamque
1816 3191 1961 3267 quid
1990 3194 2177 3252 escit?

483 3283 562 3338 nil
591 3282 696 3338 erit
725 3291 787 3338 ut
817 3281 991 3338 distet
1014 3302 1032 3353 ς
1075 3300 1210 3338 nam
1241 3284 1505 3356 qumnvis
1536 3282 1793 3340 funditus
1824 3283 2013 3342 omnis
2196 3291 2301 3342 620

483 3391 711 3429 summa
738 3371 809 3429 sit
838 3371 1077 3443 infinita,
1109 3381 1326 3444 tamen,
1358 3374 1697 3447 parvissima
1724 3393 1876 3448 quae
1906 3384 2058 3448 sunt,

483 3480 558 3519 ex
585 3462 819 3519 infinitis
848 3462 1197 3520 constabunt
1225 3464 1481 3538 partibus
1513 3482 1720 3538 aeque.

485 3551 647 3626 quod
676 3553 952 3627 quoniam
981 3554 1128 3611 ratio
1155 3555 1431 3611 reclamat
1459 3574 1596 3613 vera
1622 3564 1913 3630 negatque
