2784 3992
544 308 665 370 106
1173 320 1634 374 LUCRETIUS
2210 316 2344 387 [iv.

534 501 669 539 cum
701 482 987 539 iaciuntur
1014 491 1074 539 et
1102 482 1378 539 emissum
1411 499 1502 537 res
1529 480 1685 537 nulla
1712 481 2009 561 moratur?
2251 497 2343 551 2ο5

534 590 729 647 quone
760 572 925 630 vides
954 573 1121 630 citius
1151 571 1367 629 debere
1399 581 1457 628 et
1484 570 1712 645 longius
1743 571 1822 627 ire

532 664 949 738 multiplexque
978 663 1094 719 loci
1122 663 1373 736 spatium
1405 672 1788 719 transcurrere
1818 660 2036 718 eodem

532 764 795 829 tempore
824 771 943 829 quo
974 754 1108 810 solis
1136 753 1479 828 pervolgant
1506 752 1724 808 lumina
1752 751 2022 808 caelum?

532 844 646 901 hoc
676 845 851 901 etiam
878 844 939 901 in
967 844 1166 917 primis
1196 844 1500 917 specimen
1528 860 1730 899 verum
1761 859 1886 899 esse
1916 840 2146 900 videtur

531 952 708 1009 quam
736 935 909 992 celeri
938 945 1099 992 motu
1128 951 1321 990 rerum
1348 933 1656 991 simulacra
1683 933 1952 1005 ferantur,
2251 953 2348 989 210

530 1024 694 1099 quod
721 1026 892 1082 simul
920 1043 990 1082 ac
1018 1026 1273 1099 primum
1302 1024 1413 1082 sub
1443 1022 1544 1080 diu
1575 1022 1855 1098 splendor
1881 1020 2053 1096 aquai

528 1117 781 1190 ponitur,
811 1110 1108 1190 extemplo
1138 1115 1303 1172 caelo
1333 1113 1600 1172 stellante
1631 1131 1838 1171 serena
1897 1180 1912 1195 .

530 1205 720 1263 sidera
746 1206 1107 1281 respondent
1134 1206 1195 1263 in
1222 1224 1375 1280 aqua
1403 1203 1688 1261 radiantia
1717 1201 1942 1261 mundi.

529 1296 724 1355 iamne
752 1295 915 1354 vides
943 1298 1112 1371 igitur
1141 1314 1318 1371 quam
1346 1304 1569 1371 puncto
1599 1304 1865 1369 tempore
1895 1293 2087 1368 imago

527 1388 777 1445 aetheris
805 1406 879 1444 ex
906 1388 1020 1445 oris
1048 1387 1106 1444 in
1137 1396 1416 1444 terrarum
1445 1383 1679 1443 accidat
1706 1403 1836 1442 oras
1852 1385 1879 1441 ?
2249 1400 2344 1456 215

528 1495 707 1552 quare
736 1478 912 1536 etiam
939 1487 1115 1553 atque
1145 1477 1320 1535 etiam
1350 1477 1494 1534 mira
1525 1477 1738 1533 fateare
1768 1483 2065 1533 necessest

526 1676 774 1733 corpora
802 1676 952 1731 quae
982 1658 1186 1715 feriant
1214 1658 1417 1715 oculos
1445 1658 1750 1731 visumque
1779 1655 2083 1713 lacessant.

525 1758 927 1823 perpetuoque
957 1748 1142 1805 fluunt
1170 1749 1340 1805 certis
1368 1748 1443 1805 ab
1471 1748 1642 1805 rebus
1671 1746 1882 1805 odores
1904 1766 1922 1819 3

524 1839 700 1913 frigus
729 1848 793 1896 ut
821 1857 856 1895 a
884 1838 1085 1910 fluviis,
1117 1839 1276 1896 calor
1303 1839 1377 1896 ab
1408 1838 1548 1909 sole,
1581 1847 1773 1895 aestus
1801 1837 1876 1894 ab
1904 1835 2079 1894 undis

456 1961 461 1965 ·
523 1932 793 2003 aequoris
822 1946 1030 1985 exesor
1058 1946 1391 1986 moerorum
1424 1928 1590 1985 litora
1618 1928 1857 1985 circum.
2247 1948 2348 1985 220

524 2039 638 2079 nec
664 2023 854 2079 variae
884 2030 1115 2079 cessant
1143 2039 1321 2079 voces
1348 2021 1586 2078 volitare
1617 2039 1723 2095 per
1751 2039 1933 2079 auraS.

524 2110 781 2187 denique
810 2112 869 2168 in
898 2130 965 2169 os
995 2112 1126 2169 salsi
1154 2113 1312 2169 venit
1341 2130 1512 2169 umor
1540 2129 1716 2186 saepe
1747 2111 1987 2187 saporiS,

523 2220 661 2260 cum
691 2220 847 2259 mare
878 2220 1171 2259 versamur
1199 2212 1456 2277 propter,
1488 2201 1787 2277 dilutaque
1817 2212 2021 2260 contra

523 2311 659 2350 cum
688 2294 902 2350 tuimur
929 2293 1160 2349 misceri
1188 2292 1493 2363 absinthia,
1525 2294 1706 2367 tangit
1731 2311 1975 2350 amaror.

522 2400 708 2457 usque
738 2382 890 2440 adeo
919 2384 1192 2440 omnibus
1221 2384 1296 2441 ab
1324 2384 1497 2440 rebus
1526 2401 1617 2441 res
1648 2400 1917 2457 quaeque
1949 2383 2196 2441 fluenter
2245 2402 2342 2456 225

522 2474 699 2531 fertur
725 2482 786 2531 et
814 2475 872 2531 in
902 2482 1143 2531 cunctas
1174 2473 1482 2531 dimittitur
1510 2473 1771 2548 undique
1803 2474 1978 2549 partis

521 2581 634 2621 nec
663 2582 825 2621 mora
853 2582 964 2621 nec
993 2565 1223 2637 requies
1253 2563 1572 2622 interdatur
1601 2565 1715 2621 ulla
1743 2562 1984 2635 fluendi,

520 2664 809 2729 perpetuo
839 2654 1119 2728 quoniam
1150 2654 1451 2727 sentimuS,
1483 2663 1542 2711 et
1571 2655 1768 2712 omnia
1797 2672 2031 2729 semper

521 2761 759 2802 cernere
789 2744 1021 2802 odorari
1048 2744 1184 2802 licet
1214 2755 1272 2802 et
1302 2745 1515 2802 sentire
1547 2750 1775 2803 sonare>

540 2872 544 2877 -
603 2836 907 2892 Praeterea
935 2835 1214 2908 quoniam
1246 2836 1516 2893 manibus
1545 2844 1786 2892 tractata
1811 2834 1996 2911 figura
2239 2854 2340 2906 230

519 2924 581 2982 in
608 2926 862 2982 tenebris
890 2925 1178 2999 quaedam
1211 2927 1586 2999 cognoscitur
1613 2943 1740 2983 esse
1769 2924 1981 2982 eadem
2009 2941 2160 2999 quae

520 3015 773 3072 cernitur
800 3017 858 3072 in
887 3015 1017 3073 luce
1047 3025 1105 3072 et
1134 3016 1289 3072 claro
1321 3014 1600 3087 candore,
1631 3025 1935 3073 necessest

519 3106 807 3163 consimili
837 3124 1013 3163 causa
1040 3115 1259 3163 tactum
1290 3106 1598 3179 visumque
1629 3107 1866 3163 moveri.

517 3213 676 3253 nunc
705 3196 873 3270 igitur
902 3196 949 3253 si
978 3194 1325 3270 quadratum
1355 3206 1710 3270 temptamus
1740 3207 1799 3254 et
1827 3194 1889 3253 id
1918 3214 2028 3254 nos

518 3296 856 3343 commovet
885 3287 941 3343 in
975 3286 1244 3358 tenebriS,
1276 3286 1333 3343 in
1363 3287 1480 3343 luci
1509 3304 1658 3361 quae
1687 3286 1903 3361 poterit
1930 3304 2022 3343 res
2243 3306 2338 3359 235

517 3375 787 3434 accidere
817 3376 893 3433 ad
922 3377 1183 3451 speciem
1214 3376 1513 3450 quadrata,
1548 3377 1658 3434 nisi
1686 3378 1810 3435 eius
1839 3377 2077 3453 imago?

518 3484 646 3524 esse
675 3466 735 3524 in
762 3466 1109 3541 imaginibus
1140 3476 1497 3541 quapropter
1527 3486 1705 3526 causa
1731 3467 1963 3526 videtur

518 3557 804 3615 cernundi
833 3575 1024 3632 neque
1054 3576 1229 3633 posse
1258 3558 1381 3615 sine
1411 3557 1500 3615 his
1527 3576 1619 3616 res
1648 3558 1763 3615 ulla
1788 3558 1990 3615 videri.
