2784 3992
212 3956 293 3959 ι
130 3733 292 3885 d

521 306 636 369 142
1186 304 1649 358 LUCRErrus
2221 304 2322 375 [v.

506 484 618 524 nec
646 466 837 525 verbis
864 484 1071 523 vexare
1103 476 1161 523 et
1188 465 1263 523 ab
1293 465 1413 522 imo
1443 474 1700 523 evertere
1730 482 1974 535 summa,

506 567 701 614 cetera
729 554 804 613 de
834 573 1049 630 genere
1080 556 1195 613 hoc
1224 555 1523 631 adfingere
1553 564 1612 612 et
1639 553 1877 625 addere,
1911 556 2180 627 Memmi,

506 646 844 721 desiperest.
877 646 1020 719 quid
1051 646 1210 721 enim
1242 645 1643 725 inmortalibus
1671 655 1847 719 atque
1878 645 2060 703 beatis
2229 652 2320 717 165

503 739 683 812 gratia
712 748 907 795 nostra
934 746 1112 810 queat
1141 737 1392 811 largirier
1421 736 1818 807 emolumenti,

504 838 568 885 ut
595 838 792 885 nostra
819 828 1134 929 quicquam
1168 846 1345 884 causa
1371 845 1570 902 gerere
1600 825 2054 901 adgrediantur?

1952 890 2082 939 ‘z

504 918 718 993 quidve
750 919 885 975 novi
913 918 1103 994 potuit
1132 927 1295 975 tanto
1324 928 1462 992 post
1489 927 1623 975 ante
1653 916 1882 991 quietos

503 1008 738 1066 inlicere
770 1020 832 1066 ut
860 1018 1142 1084 cuperent
1172 1008 1350 1065 vitam
1381 1019 1603 1066 mutare
1632 1008 1931 1083 priorem?

503 1118 637 1156 narn
667 1099 921 1173 gaudere
954 1100 1117 1157 novis
1146 1100 1317 1157 rebus
1347 1098 1564 1157 debere
1591 1097 1819 1156 videtur
2119 1129 2123 1137 ·
2227 1119 2319 1165 170

502 1190 598 1247 cui
625 1200 849 1247 veteres
878 1190 1092 1248 obsunt
1116 1211 1130 1261 ς
1174 1188 1282 1248 sed
1310 1190 1407 1246 cui
1437 1190 1518 1246 nil
1545 1188 1760 1246 accidit
1787 1190 1944 1263 aegri

500 1289 766 1356 tempore
798 1283 857 1337 in
886 1290 1175 1351 anteacto,
1206 1299 1344 1337 cum
1374 1280 1614 1354 pulchre
1646 1279 1886 1354 degeret
1908 1297 2134 1351 aevom,

470 1366 483 1385 ⁶
502 1372 642 1445 quid
673 1373 862 1446 potuit
892 1372 1159 1429 novitatis
1188 1389 1452 1429 amorem
1480 1369 1809 1428 accendere
1839 1370 1978 1427 tali?

498 1480 592 1530 an,
623 1462 821 1533 cred0‚
854 1463 912 1519 in
942 1463 1195 1520 tenebris
1225 1463 1342 1519 vita
1368 1480 1438 1518 ac
1468 1479 1730 1518 maerore
1761 1460 2006 1533 iacebat,

500 1550 691 1609 donec
715 1552 919 1610 diluxit
947 1571 1137 1610 rerum
1168 1552 1432 1627 genitalis
1461 1552 1644 1627 origo,
2222 1568 2312 1623 175

498 1641 711 1716 quidve
742 1643 874 1700 mali
907 1644 1090 1700 fuerat
1119 1644 1287 1701 nobis
1316 1661 1438 1700 non
1469 1661 1595 1700 esse
1627 1642 1876 1699 creatis?

498 1743 665 1790 natus
695 1733 851 1790 enim
884 1733 1063 1791 debet
1092 1734 1451 1807 quicumque
1483 1743 1571 1790 est
1599 1732 1744 1790 velle
1776 1749 2011 1789 manere

497 1823 556 1879 in
585 1823 716 1892 vita,
747 1822 940 1881 donec
969 1824 1238 1882 retinebit
1267 1823 1485 1881 blanda
1511 1824 1793 1897 voluptas,

496 1914 592 1987 qui
625 1931 941 1987 numquam
974 1932 1111 1971 vero
1140 1914 1291 1971 vitae
1320 1913 1570 1988 gustavit
1598 1930 1860 1970 amorem

496 2021 607 2059 nec
636 2004 784 2060 fuit
770 2022 828 2059 in
859 2022 1121 2074 numem,
1153 2003 1296 2077 quid
1325 2005 1495 2062 obest
1522 2021 1644 2061 non
1671 2018 1798 2061 esse
1829 2004 2132 2101 creatum?
2219 2011 2312 2059 180

495 2094 825 2168 exemplum
857 2112 1029 2168 porro
1058 2093 1371 2169 gignundis
1399 2095 1572 2152 rebus
1601 2104 1660 2151 et
1688 2094 1814 2168 ipsa

494 2184 729 2242 notities
759 2184 903 2241 divis
932 2184 1236 2242 hominum
1270 2184 1428 2241 unde
1460 2193 1548 2242 est
1577 2184 1747 2242 insita
1773 2184 2028 2259 primum

494 2274 637 2349 quid
666 2276 879 2332 vellent
908 2276 1097 2337 facere
1128 2285 1192 2333 ut
1219 2275 1433 2333 scirent
1461 2276 1778 2349 animoque
1812 2274 2096 2348 viderent,

495 2383 687 2439 quove
716 2364 953 2423 modost
982 2384 1262 2440 umquam
1292 2366 1376 2422 vis
1407 2366 1642 2441 cognita
1668 2366 2087 2441 principiorum

494 2455 754 2530 quidque
784 2456 934 2513 inter
961 2475 1087 2514 sese
1117 2465 1449 2530 permutato
1479 2456 1686 2515 ordine
1716 2466 1976 2531 possent,
2221 2462 2308 2526 185

494 2548 541 2604 si
568 2563 689 2604 non
719 2546 844 2621 ipsa
874 2546 1040 2604 dedit
1068 2546 1368 2621 specimen
1398 2557 1604 2604 natura
1631 2546 1911 2605 creandi?

493 2654 746 2711 namque
776 2638 855 2693 ita
882 2638 1063 2694 multa
1090 2624 1281 2695 modis
1312 2637 1505 2694 multis
1533 2636 1851 2711 primordia
1874 2655 2067 2695 rerum

493 2746 566 2784 ex
596 2727 820 2784 infinito
849 2728 965 2784 iarn
995 2738 1259 2802 tempore
1290 2728 1514 2803 percita
1539 2728 1722 2803 plagis

492 2817 966 2892 ponderibusque
996 2818 1115 2876 suis
1145 2827 1502 2876 consuerunt
1530 2818 1760 2881 concita
1787 2817 1918 2875 ferri

492 2907 965 2983 omnimodisque
998 2908 1154 2965 coire
1184 2919 1359 2983 atque
1390 2908 1590 2966 omnia
1618 2918 2029 2983 pertemptare,
2214 2928 2307 2981 190

492 3017 902 3073 quaecumque
934 3000 1083 3056 inter
1112 3018 1173 3056 se
1204 3009 1446 3073 possent
1474 3018 1788 3075 congressa
1816 3017 2031 3071 creare,

487 3102 554 3146 nt
585 3108 703 3147 non
734 3090 805 3147 sit
835 3090 1043 3147 mirum
1074 3090 1121 3147 si
1154 3090 1211 3147 in
1241 3090 1365 3147 talis
1397 3089 1780 3165 disposituras

488 3180 839 3237 deciderunt
866 3200 1103 3255 quoque
1136 3190 1193 3237 et
1223 3181 1282 3237 in
1309 3180 1436 3238 talis
1466 3199 1677 3238 venere
1708 3190 1952 3251 meatus,

486 3270 759 3345 qualibus
788 3270 935 3328 haec
963 3289 1155 3328 rerum
1184 3272 1398 3345 geritur
1427 3290 1583 3328 nunc
1613 3290 1842 3329 summa
1869 3270 2162 3330 novandO.

573 3360 756 3434 Quod
784 3362 829 3419 si
860 3363 973 3419 iam
1004 3380 1196 3419 rerum
1225 3362 1491 3435 ignorem
1519 3362 1838 3437 primordia
1865 3380 2017 3436 quae
2045 3362 2177 3435 sint,
2213 3380 2304 3434 195

490 3453 604 3511 hoc
634 3462 831 3509 tamen
860 3472 934 3509 ex
962 3452 1097 3527 ipsis
1128 3452 1271 3509 caeli
1302 3452 1620 3511 rationibus
1649 3453 1837 3511 ausim

486 3542 836 3603 confirmare
867 3543 1106 3619 aliisque
1136 3561 1209 3601 ex
1236 3544 1409 3603 rebus
1437 3542 1685 3602 reddere
1715 3543 1927 3617 multiS,
