2784 3992
458 331 592 404 lv.]
948 331 1060 385 DE
1110 332 1398 385 RERUM
1452 333 1799 386 NATURA
2149 332 2272 400 127

454 492 714 568 corporis
741 502 917 567 atque
946 492 1140 551 animi.
1172 493 1236 550 fit
1264 493 1348 551 uti
1374 510 1510 569 pars
1538 492 1678 551 inde
1706 494 1924 551 animai

452 585 694 642 eiciatur
721 593 781 641 et
808 584 1115 641 introrsum
1143 602 1276 654 pars
1304 584 1506 642 abdita
1532 582 1726 654 cedat,
2169 602 2267 657 943

454 692 587 749 pars
614 665 792 731 etiarn
819 673 1095 731 distracta
1122 692 1227 749 per
1252 684 1409 732 artus
1436 691 1560 731 non
1587 683 1764 747 queat
1793 692 1920 733 esse

455 765 769 822 coniuncta
795 764 946 821 inter
970 782 1033 821 se
1060 781 1257 837 neque
1285 773 1451 822 motu
1481 772 1685 821 mutua
1711 764 1912 841 fungi3

455 854 603 911 inter
630 854 789 912 enirn
817 855 1003 929 saepit
1030 862 1235 913 coetus
1263 864 1466 910 natura
1492 856 1735 928 viasque
1755 873 1777 929 3

456 963 593 1020 ergo
621 962 825 1002 sensus
854 944 973 1002 abit
1000 944 1235 1001 mutatis
1264 942 1522 1001 motibus
1550 944 1686 1003 alte.

456 1045 513 1092 et
541 1035 821 1108 quoniam
848 1052 971 1091 non
1000 1043 1089 1092 est
1116 1033 1284 1109 quasi
1312 1033 1477 1109 quod
1506 1035 1792 1093 suffulciat
1819 1043 1994 1109 artus,
2172 1052 2273 1107 950

456 1125 647 1183 debile
677 1124 742 1181 fit
769 1142 984 1198 corpus
1011 1124 1513 1200 languescuntque
1542 1129 1742 1183 omnia
1769 1126 2050 1196 membra,

455 1215 731 1274 bracchia
756 1213 1191 1289 palpebraeque
1220 1214 1442 1274 cadunt
1467 1216 1836 1291 poplitesque
1865 1215 2106 1274 cubanti

455 1324 629 1381 saepe
660 1315 860 1364 tamen
888 1305 1326 1363 summittuntur
1350 1307 1602 1382 virisque
1631 1306 1947 1365 resolvunt.
1976 1378 1984 1385 .

455 1396 673 1455 deinde
704 1397 902 1455 cibum
930 1396 1193 1471 sequitur
1218 1414 1479 1470 somnus,
1508 1397 1664 1473 quia,
1694 1414 1846 1471 quae
1876 1396 2018 1455 facit
2045 1395 2163 1468 aer,

456 1489 603 1546 haec
632 1487 849 1546 eadem
875 1488 1060 1560 cibus,
1089 1489 1150 1545 in
1173 1506 1353 1547 venas
1381 1487 1526 1546 dum
1555 1487 1776 1546 diditur
1801 1489 2010 1559 omnis,
2173 1503 2271 1561 955

457 1578 650 1638 efficit.
683 1588 742 1637 et
770 1579 956 1638 multo
985 1598 1168 1655 sopor
1196 1580 1291 1638 ille
1319 1579 1688 1655 gravissimus
1717 1587 1904 1636 exstat

458 1688 635 1744 quem
664 1680 824 1729 satur
850 1679 949 1729 aut
975 1669 1157 1728 lassus
1186 1670 1400 1745 capias,
1432 1672 1569 1744 quia
1595 1668 1842 1743 plurima
1867 1677 1992 1725 turn
2021 1684 2084 1725 se

457 1779 706 1837 corpora
732 1761 1085 1819 conturbant
1114 1778 1329 1836 magno
1359 1769 1607 1817 contusa
1633 1758 1849 1820 labore.

457 1851 521 1909 fit
547 1851 774 1910 ratione
803 1850 1013 1909 eadem
1042 1851 1344 1909 coniectus
1372 1850 1584 1925 partim
1612 1849 1827 1907 animai
1885 1918 1892 1927 η

456 1942 623 2000 altior
650 1951 827 2016 atque
856 1943 1007 1999 foras
1037 1941 1258 1999 eiectus
1286 1940 1497 2015 largior
1525 1940 1666 2012 eiuS‚
2173 1944 2274 2013 960

457 2041 517 2091 et
543 2032 780 2091 divisior
807 2032 957 2089 inter
982 2049 1045 2089 se
1072 2049 1144 2089 ac
1174 2030 1505 2089 distractior
1528 2030 1588 2087 in
1616 2037 1747 2088 test.

538 2125 617 2181 Et
645 2142 767 2198 quo
796 2123 1045 2198 quisque
1073 2123 1193 2179 fere
1222 2121 1418 2179 studio
1448 2121 1754 2179 devinctus
1783 2119 2062 2178 adhaeret

457 2223 555 2273 aut
582 2214 794 2289 quibus
820 2214 883 2271 in
911 2212 1089 2271 rebus
1118 2212 1366 2270 multum
1395 2230 1597 2270 sumus
1624 2219 1760 2268 ante
1790 2210 2000 2268 morati

458 2314 633 2379 atque
661 2305 724 2361 in
751 2322 822 2361 ea
848 2304 1075 2360 ratione
1105 2302 1212 2360 fuit
1238 2311 1520 2361 contenta
1544 2300 1729 2377 magis
1758 2318 1945 2374 menS,

458 2396 517 2453 in
546 2394 771 2453 somnis
803 2393 1014 2452 eadem
1042 2394 1385 2469 plerumque
1414 2392 1684 2450 videmur
1709 2392 1873 2450 obire
1893 2411 1913 2465 3
2178 2398 2275 2465 965

458 2483 740 2543 causidici
768 2502 973 2542 causas
1001 2498 1172 2559 agere
1202 2493 1261 2541 et
1291 2500 1647 2558 componere
1675 2481 1853 2558 leges,

458 2575 907 2650 induperatores
936 2592 1195 2650 pugnare
1225 2592 1295 2631 ac
1324 2573 1547 2649 proelia
1573 2572 1758 2645 obire,

463 2675 677 2724 nautae
707 2674 1076 2723 contractum
1104 2681 1241 2722 cum
1268 2664 1456 2722 ventis
1486 2662 1701 2739 degere
1731 2661 1968 2735 bellum,

463 2774 573 2815 nos
601 2774 773 2832 agere
803 2756 918 2813 hoc
945 2763 1143 2813 autem
1172 2764 1232 2813 et
1259 2763 1524 2812 naturam
1553 2771 1830 2830 quaerere
1858 2772 2053 2811 rerum

458 2863 694 2922 semper
722 2855 781 2904 et
808 2846 1107 2903 inventam
1134 2845 1333 2920 patriis
1363 2862 1659 2920 exponere
1689 2843 1918 2902 chartis,
2179 2862 2280 2917 970

456 2946 659 2995 cetera
686 2936 771 2995 sic
799 2935 991 2994 studia
1018 2945 1195 3012 atque
1223 2945 1373 2993 artes
1403 2936 1748 3010 plerumque
1775 2933 2046 2991 videntur

457 3028 521 3087 in
548 3027 769 3085 somnis
798 3026 1025 3085 animos
1053 3026 1362 3084 hominurn
1389 3026 1656 3083 frustrata
1683 3034 1903 3083 tenere.

459 3127 521 3177 et
549 3118 908 3193 quicumque
938 3115 1065 3174 dies
1092 3116 1308 3177 multos
1338 3135 1412 3174 ex
1440 3115 1646 3174 ordine
1675 3114 1828 3173 ludis

376 3230 387 3254 ι
458 3206 737 3267 adsiduas
767 3206 1059 3265 dederunt
1086 3223 1313 3282 operas,
1342 3208 1690 3282 plerumque
1717 3204 2004 3277 videmuS,

456 3317 600 3358 cum
627 3298 745 3355 iam
773 3296 1118 3355 destiterunt
1146 3316 1217 3355 ea
1244 3298 1507 3356 sensibus
1535 3314 1836 3372 usurpare,
2180 3309 2277 3367 975

454 3390 704 3451 relicuas
732 3399 932 3447 tamen
959 3406 1087 3447 esse
1114 3388 1235 3446 vias
1264 3389 1323 3445 in
1352 3397 1549 3445 mente
1577 3387 1847 3463 patentiS‚

458 3500 581 3558 qua
605 3481 834 3559 possint
863 3478 1076 3537 eadem
1104 3497 1296 3537 rerum
1325 3479 1631 3536 simulacra
1655 3478 1867 3536 venire.

458 3590 572 3649 per
598 3572 815 3632 multos
844 3572 1041 3647 itaque
1070 3570 1165 3628 illa
1191 3568 1318 3627 dies
1347 3568 1558 3627 eadem
1587 3568 1965 3627 obversantur
