2784 3992
204 3940 275 3943 ι
118 3750 272 3869 δ

527 326 646 386 204
1191 319 1656 373 LUCRETIUS
2203 317 2336 389 [VI.

524 484 817 560 extemplo
845 484 1078 560 penitus
1106 482 1357 558 frigescit
1384 490 1536 539 terra
1561 480 1818 555 coitque.
2241 488 2338 553 865

523 576 633 633 hac
663 576 883 633 ratione
913 576 977 631 fit
1006 584 1087 645 ut,
1117 584 1418 647 tamquam
1446 589 1782 646 compressa
1812 590 1988 629 manu
2017 572 2107 643 sit,

524 666 808 740 exprimat
840 666 895 721 in
924 666 1147 722 fontem
1178 682 1329 738 quae
1358 663 1584 720 semina
1611 680 1866 737 cumque
1896 661 2076 720 habet
2105 662 2274 738 ignis,

524 775 673 831 quae
702 756 957 813 calidum
987 755 1205 813 faciunt
1232 757 1420 829 aqiiae
1449 762 1668 811 tactum
1698 763 1873 828 atque
1901 772 2192 828 saporem.

523 849 660 908 inde
691 850 791 907 ubi
820 849 907 907 sol
934 848 1108 906 radiis
1135 857 1346 905 terram
1376 846 1620 904 dimovit
1649 847 1889 905 obortus

525 950 583 997 et
611 940 876 997 rarefecit
905 928 1097 996 calido
1126 938 1407 1013 gliscente
1437 954 1672 1011 vapore,
2242 943 2343 1003 870

522 1048 713 1088 rursus
742 1030 803 1087 in
828 1030 1095 1104 antiquas
1122 1028 1371 1086 redeunt
1398 1025 1717 1102 primordia
1745 1026 1919 1085 sedes

523 1122 671 1197 ignis
700 1130 759 1177 et
786 1120 847 1177 in
874 1130 1083 1178 terram
1113 1118 1272 1176 cedit
1300 1119 1460 1176 calor
1487 1117 1680 1175 omnis
1708 1118 1900 1192 aquai.

524 1211 761 1286 frigidus
791 1211 941 1268 hanc
970 1211 1049 1268 ob
1076 1228 1198 1267 rem
1227 1210 1293 1269 fit
1320 1209 1451 1266 fons
1479 1208 1542 1266 in
1569 1209 1701 1267 luce
1731 1207 1956 1267 diurna.

523 1312 822 1378 praeterea
849 1301 985 1359 solis
1011 1299 1184 1357 radiis
1214 1300 1459 1357 iactatur
1486 1299 1661 1372 aquai

525 1412 695 1450 umor
724 1402 783 1449 et
811 1393 871 1449 in
898 1393 1092 1450 lucem
1121 1391 1369 1447 tremulo
1399 1390 1638 1447 rarescit
1664 1389 1740 1447 ab
1768 1399 1932 1448 aestu
1955 1410 1972 1462 ;
2242 1397 2339 1462 875

524 1493 834 1560 propterea
861 1483 927 1539 fit
953 1484 1035 1541 uti
1065 1500 1217 1556 quae
1248 1482 1472 1539 semina
1499 1498 1756 1556 cumque
1787 1480 1963 1539 habet
1990 1481 2137 1556 ignis

528 1572 778 1632 dimittat
798 1594 816 1645 3
859 1573 1025 1647 quasi
1055 1590 1231 1647 saepe
1260 1572 1478 1647 gelum,
1508 1569 1673 1646 quod
1706 1571 1972 1629 continet
1998 1572 2057 1629 in
2087 1589 2170 1644 se,

525 1646 701 1723 mitiit
722 1674 781 1721 et
810 1663 1024 1721 exolvit
1052 1662 1298 1737 glaciem
1328 1661 1638 1735 nodosque
1667 1662 1906 1720 relaxat.

607 1755 872 1830 Frigidus
902 1763 990 1811 est
1018 1754 1192 1811 etiam
1223 1754 1372 1826 fons,
1403 1770 1576 1827 supra
1603 1769 1782 1826 quem
1811 1752 1920 1809 sita
1947 1770 2125 1828 saepe

526 1856 739 1921 stuppa
765 1846 901 1902 iacit
928 1844 1219 1901 flammam
1249 1852 1546 1917 concepto
1575 1843 1842 1918 protinus
1875 1843 2013 1917 igni,
2244 1851 2341 1902 880

525 1935 817 2010 taedaque
845 1935 1132 1993 consimili
1164 1935 1388 1991 ratione
1417 1952 1668 1991 accensa
1696 1952 1802 2008 per
1829 1933 2017 1991 undas

527 2027 819 2097 conlucet,
836 2043 1227 2101 ‘quocumque
1256 2033 1464 2082 natans
1493 2024 1806 2098 impellitur
1832 2024 2002 2083 auris.

526 2117 797 2175 nimirum
826 2117 962 2191 quia
990 2125 1124 2173 sunt
1151 2116 1212 2173 in
1241 2133 1395 2189 aqua
1422 2114 1711 2190 permulta
1737 2116 1966 2189 vaporis

526 2208 750 2266 semina
776 2206 854 2265 de
882 2217 1147 2281 terraque
1177 2215 1476 2263 necessest
1503 2204 1762 2263 funditus
1791 2206 1918 2281 ipsa

527 2299 673 2375 ignis
702 2316 951 2372 corpora
977 2316 1083 2372 per
1110 2307 1299 2355 totum
1328 2314 1680 2371 consurgere
1709 2297 1932 2355 fontem
2244 2305 2339 2371 885

528 2399 587 2447 et
614 2389 782 2447 simul
811 2390 1099 2464 exspirare
1130 2389 1281 2445 foras
1311 2389 1588 2461 exireque
1615 2388 1676 2445 in
1705 2407 1890 2460 auraS‚

528 2499 648 2538 non
677 2481 757 2538 ita
782 2480 963 2537 multa
988 2488 1205 2549 tamen,
1235 2477 1459 2535 calidus
1478 2488 1665 2552 queat
1692 2489 1756 2536 ut
1784 2479 1908 2537 fieri
1935 2478 2085 2553 som,

530 2580 840 2647 propterea
868 2569 1133 2645 dispersa
1159 2568 1312 2627 foras
1343 2586 1649 2643 erumpere
1679 2569 1837 2645 cogit

526 2661 611 2718 vis
640 2679 745 2737 per
770 2679 984 2735 aquam
1013 2660 1203 2718 subito
1233 2678 1578 2734 sursumque
1609 2678 1680 2717 ea
1707 2660 2020 2717 conciliari.

530 2750 690 2826 quod
718 2769 903 2827 genus
932 2750 1089 2809 endo
1121 2751 1314 2807 marist
1344 2750 1522 2807 Aradi
1554 2751 1702 2823 fons,
1733 2750 1918 2808 dulcis
1947 2750 2120 2825 aquai
2243 2756 2336 2822 890

530 2843 629 2917 qui
658 2842 825 2900 scatit
854 2853 913 2901 et
941 2842 1115 2900 salsas
1144 2841 1363 2899 circum
1394 2859 1456 2898 se
1487 2840 1751 2899 dimovet
1779 2840 1966 2898 undas
1988 2861 2004 2913 ς

531 2943 589 2990 et
618 2932 809 2990 multis
837 2933 960 2990 aliis
988 2933 1229 3008 praebet
1257 2932 1592 3007 regionibus
1621 2949 1844 3005 aequor

530 3024 831 3081 utilitatem
860 3033 1250 3097 opportunam
1280 3022 1595 3080 sitientibu'
1626 3022 1836 3093 nautis,

530 3112 907 3189 quod·dulcis
936 3114 1084 3170 inter
1111 3114 1285 3171 salsas
1313 3114 1647 3171 intervomit
1677 3113 1881 3170 undas.

530 3205 613 3263 sic
642 3204 811 3279 igitur
836 3221 943 3279 per
970 3222 1106 3261 eum
1137 3213 1381 3277 possunt
1411 3222 1717 3278 erumpere
1748 3204 1970 3260 fontem
2235 3207 2319 3273 895

532 3304 591 3352 et
618 3304 837 3351 scatere
867 3295 961 3353 illa
988 3295 1159 3365 foraS,
1192 3294 1248 3351 in
1280 3303 1553 3368 stuppam
1583 3294 1808 3351 semina
1835 3311 1985 3367 quae
2015 3310 2150 3350 cum

532 3385 887 3441 conveniunt
913 3393 1013 3441 aut
1040 3385 1102 3442 in
1128 3384 1318 3441 taedai
1348 3403 1595 3458 corpore
1625 3384 1963 3455 adhaerent,

490 3470 494 3475 ’
532 3470 843 3529 ardescunt
870 3474 1036 3530 facile
1067 3474 1383 3547 extemp10,
1414 3475 1552 3547 quia
1580 3475 1760 3531 multa
1789 3491 2025 3548 quoque
2055 3473 2112 3530 in
2139 3488 2198 3529 se

532 3560 756 3616 semina
782 3559 999 3618 habent
1027 3562 1173 3635 ignis
1201 3571 1447 3635 stuppae
1478 3563 1802 3635 taedaeque
1831 3564 2074 3619 latentis,
