2784 3992
565 294 681 373 164
1230 308 1698 363 LUCRETms
2259 308 2366 379 v.]

556 490 668 530 nec
696 490 850 531 nova
876 470 1156 531 defodere
1186 472 1249 529 in
1275 480 1486 529 terram
1513 470 1756 545 virgulta
1782 486 1976 545 neque
2006 468 2133 529 altis
2265 488 2362 542 935

552 564 852 621 arboribus
880 571 1103 621 veteres
1132 562 1408 620 decidere
1437 562 1666 619 falcibu'
1696 579 1907 618 ramos,

552 654 715 728 quod
744 654 830 711 sol
857 663 1032 727 atque
1062 654 1275 711 imbres
1304 652 1608 723 dederant,
1639 651 1802 726 quod
1832 660 1983 709 terra
2009 659 2231 708 crearat

552 754 761 819 sponte
790 762 911 814 sua,
942 744 1076 801 satis
1105 742 1166 800 id
1193 744 1462 818 placabat
1490 752 1733 817 pectora
1761 740 2002 799 donum.
2038 808 2052 815 ἱ

551 834 897 910 glandiferas
926 835 1076 891 inter
1102 834 1381 891 curabant
1410 851 1659 907 corpora
1687 850 1960 907 quercus¹

551 926 892 1000 plerumque
916 946 933 997 3
975 934 1035 983 et
1062 942 1213 999 quae
1243 941 1401 981 nunc
1431 924 1675 981 hiberno
1703 932 1970 998 ternpore
1999 923 2190 986 cernis
2263 944 2363 995 940

551 1017 734 1074 arbita
761 1016 1015 1090 puniceo
1045 1015 1169 1073 fieri
1198 1024 1423 1072 matura
1449 1014 1666 1085 colore,

549 1107 796 1181 plurima
822 1116 947 1163 tum
975 1106 1143 1164 tellus
1173 1106 1346 1162 etiarn
1375 1104 1597 1162 maiora
1623 1103 1862 1162 ferebat.

549 1197 845 1271 multaque
874 1204 1173 1273 praeterea
1200 1195 1428 1253 novitas
1455 1204 1579 1253 turn
1608 1192 1815 1252 florida
1841 1192 2049 1251 mundi

549 1288 761 1362 pabula
788 1286 934 1344 dura
960 1286 1103 1358 tulit,
1133 1286 1355 1343 miseris
1382 1285 1721 1343 mortalibus
1749 1284 1960 1361 ampla.

546 1386 607 1435 at
634 1377 838 1435 sedare
867 1378 1019 1436 siti-m
1049 1376 1204 1434 fluvii
1231 1376 1542 1451 fontesque
1573 1376 1881 1447 vocabant,
2261 1394 2357 1448 945

546 1478 611 1526 ut
639 1486 795 1526 nunc
826 1468 1118 1526 montibus
1148 1485 1180 1524 e
1208 1468 1435 1542 magnis
1463 1466 1743 1525 decursus
1771 1466 1944 1540 aquai

548 1558 723 1615 claru’
754 1559 892 1615 citat
918 1558 1031 1615 late
1060 1557 1312 1615 sitientia
1338 1557 1530 1615 saecla
1555 1557 1822 1615 ferarum.

548 1647 801 1723 denique
831 1657 972 1706 nota
998 1648 1125 1722 vagi
1154 1647 1434 1705 silvestria
1459 1647 1680 1722 templa
1705 1647 1986 1705 tenebant

544 1739 946 1815 nympharum,
978 1737 1187 1812 quibus
1216 1756 1249 1797 e
1278 1738 1505 1796 scibant
1531 1738 1741 1795 umori’
1771 1736 1988 1795 fluenta

543 1830 763 1888 lubrica
789 1828 1045 1904 proluvie
1072 1828 1230 1903 larga
1255 1829 1446 1886 lavere
1475 1827 1676 1885 umida
1701 1846 1857 1899 saxa,
2260 1846 2357 1901 950

542 1919 742 1977 umida
770 1938 923 1992 saxa,
952 1937 1127 1994 super
1151 1918 1319 1977 viridi
1344 1918 1612 1977 stillantia
1637 1936 1861 1990 muSCO,

546 2019 604 2068 et
630 2011 838 2085 partim
866 2010 1041 2085 plano
1071 2021 1292 2069 scatere
1321 2019 1498 2084 atque
1527 2027 1832 2086 erumpere
1861 2026 2094 2083 campo,

545 2100 802 2159 necdum
830 2120 921 2159 res
943 2101 1065 2176 igni
1094 2101 1323 2159 scibant
1350 2109 1594 2157 tractare
1622 2117 1817 2174 neque
1846 2100 1930 2156 uti

543 2192 787 2266 pellibus
816 2201 875 2250 et
902 2192 1099 2266 spoliis
1128 2209 1339 2265 corpus
1368 2190 1578 2248 vestire
1605 2189 1871 2262 ferarum,

543 2282 650 2341 sed
678 2300 920 2341 nemora
946 2291 1120 2355 atque
1149 2299 1324 2339 cavos
1353 2280 1570 2338 montis
1601 2280 1887 2355 silvasque
1917 2280 2190 2339 colebant
2256 2298 2352 2354 955

544 2382 601 2430 et
628 2372 862 2431 frutices
889 2374 1040 2429 inter
1065 2370 1404 2429 condebant
1432 2369 1697 2445 squalida
1723 2371 1988 2429 membra

541 2464 781 2521 verbera
806 2472 1107 2520 ventorum
1138 2462 1317 2519 vitare
1348 2462 1660 2537 imbrisque
1690 2461 1898 2520 coacti.

542 2572 654 2611 nec
687 2571 1004 2611 commune
1032 2554 1255 2611 bonum
1284 2561 1552 2628 poterant
1581 2563 1846 2629 spectare
1876 2569 2069 2627 neque
2099 2552 2228 2610 ullis

540 2644 798 2703 moribus
826 2644 973 2702 inter
1000 2662 1063 2702 se
1093 2645 1317 2702 scibant
1343 2662 1457 2701 nec
1486 2644 1709 2719 legibus
1739 2644 1841 2701 uti.

540 2735 704 2811 quod
732 2736 945 2811 cuique
980 2736 1263 2793 obtulerat
1291 2735 1546 2810 praedae
1577 2737 1824 2805 fortuna,
1857 2734 2078 2792 ferebat
2255 2740 2354 2806 960

540 2837 749 2902 sponte
778 2845 883 2885 sua
910 2827 1018 2885 sibi
1047 2828 1289 2900 quisque
1318 2828 1510 2885 valere
1541 2836 1600 2885 et
1628 2827 1821 2884 vivere
1850 2825 2077 2883 doctus.

540 2928 599 2975 et
624 2918 825 2975 Venus
854 2917 914 2973 in
944 2917 1094 2974 silvis
1122 2917 1398 2991 iungebat
1427 2934 1676 2991 corpora
1702 2926 1999 2975 amantum
2019 2936 2039 2989 3

540 3007 889 3066 conciliabat
918 3007 1073 3064 enim
1101 3008 1195 3065 vel
1222 3017 1426 3064 mutua
1453 3025 1750 3082 quamque
1782 3006 2001 3081 cupido

538 3099 629 3156 vel
655 3096 907 3156 violenta
934 3099 1036 3156 viri
1064 3099 1149 3157 vis
1178 3108 1353 3174 atque
1384 3099 1631 3173 inpensa
1658 3097 1841 3157 libido

537 3190 630 3248 vel
657 3189 925 3265 pretium,
956 3190 1198 3265 glandes
1228 3199 1406 3263 atque
1437 3189 1620 3262 arbita
1646 3189 1738 3246 vel
1764 3189 1890 3264 pira
1918 3188 2083 3245 lecta.
2251 3194 2342 3262 965

540 3288 599 3338 et
624 3298 905 3338 manuum
934 3282 1080 3338 mira
1107 3280 1232 3338 freti
1263 3280 1471 3337 virtute
1499 3278 1841 3356 pedumque

538 3372 1024 3430 consectabantur
1052 3371 1326 3429 silvestria
1353 3370 1543 3427 saecla
1571 3370 1818 3428 ferarum

537 3462 846 3521 missilibus
874 3461 1025 3520 saxis
1055 3470 1113 3519 et
1143 3479 1357 3539 magno
1384 3460 1651 3535 pondere
1681 3460 1878 3517 clavae
1901 3481 1918 3533 3

538 3554 836 3628 multaque
863 3553 1194 3624 vincebant,
1224 3551 1482 3613 vitabant
1507 3569 1698 3629 pauca
1723 3550 1955 3634 latebris
1975 3570 1994 3622 3
