2784 3992
501 298 634 371 vr]
695 286 737 301 ““
985 298 1094 351 DE
1150 298 1441 353 RERUM
1498 298 1847 354 NATURA
2192 301 2313 365 213

501 464 796 539 multaque
824 472 1124 538 praeterea
1152 464 1352 522 mortis
1380 474 1505 522 tum
1534 464 1699 539 signa
1726 463 2031 537 dabantur,

500 555 832 629 perturbata
859 554 1038 611 animi
1070 572 1237 614 mens
1268 554 1329 611 in
1357 572 1619 613 maerore
1652 564 1950 629 metuque,

500 646 656 701 triste
686 644 1078 719 supercilium,
1110 645 1358 702 furiosus
1385 645 1574 703 voltus
1604 656 1663 703 et
1692 664 1845 718 acer,

500 735 780 793 sollicitae
809 752 984 809 porro
1012 735 1343 809 plenaeque
1373 736 1683 793 sonoribus
1710 754 1897 809 aures,
2194 743 2314 806 1185

500 826 703 883 creber
730 825 962 899 spiritus
991 835 1091 883 aut
1118 826 1323 900 ingens
1351 843 1598 901 raroque
1627 836 1884 898 coortuS‚

499 914 842 989 sudorisque
872 915 1118 974 madens
1148 933 1254 990 per
1281 916 1499 974 collum
1527 915 1869 991 splendidus
1898 934 2085 989 umor,

500 1006 694 1062 tenvia
725 1016 894 1080 sputa
922 1006 1162 1078 minuta,
1193 1007 1351 1064 croci
1380 1016 1655 1065 contacta
1681 1008 1877 1065 colore

504 1096 789 1173 salsaque,
819 1115 925 1171 per
951 1097 1147 1155 fauces
1173 1115 1377 1155 raucas
1406 1097 1502 1155 vix
1530 1096 1690 1155 edita
1716 1098 1876 1157 tussi.

505 1186 564 1244 in
592 1187 860 1244 manibus
887 1206 1027 1245 vero
1056 1188 1216 1245 nervi
1244 1188 1470 1245 trahere
1501 1197 1560 1245 et
1588 1197 1835 1246 tremere
1865 1198 2019 1246 artus
2186 1208 2205 1242 1
2221 1206 2316 1260 190

499 1294 535 1333 a
561 1274 930 1351 pedibusque
959 1278 1287 1335 minutatim
1316 1276 1635 1336 succedere
1666 1278 1841 1353 frigus

500 1385 620 1425 non
649 1366 969 1425 dubitabat.
999 1368 1141 1425 item
1169 1368 1245 1425 ad
1274 1386 1615 1443 supremum
1645 1367 1901 1445 denique
1930 1378 2163 1443 tempus

498 1475 846 1532 conpressae
877 1476 1062 1527 nareS,
1092 1459 1218 1516 nasi
1245 1459 1513 1533 primoris
1548 1476 1800 1517 acumen

499 1558 689 1620 tenve,
719 1549 904 1606 cavati
931 1548 1106 1620 oculi,
1136 1566 1279 1606 cava
1305 1559 1591 1624 tempora,
1621 1548 1828 1625 frigida
1854 1550 2020 1625 pellis

500 1637 778 1713 duraque,
809 1640 870 1697 in
898 1657 1000 1697 ore
1028 1640 1214 1697 trucei
1241 1640 1470 1713 rictum,
1502 1641 1659 1698 frons
1686 1649 1849 1698 tenta
1876 1640 2157 1699 tumebat.
2185 1661 2204 1694 1
2220 1656 2310 1711 ¹95

499 1747 609 1786 nec
637 1730 822 1787 nimio
849 1728 1018 1804 rigidi
1045 1739 1181 1805 post
1206 1740 1362 1789 artus
1390 1740 1579 1789 morte
1608 1730 1899 1789 iacebant.

498 1830 828 1896 octavoque
858 1820 976 1878 fere
1006 1820 1287 1878 candenti
1314 1821 1534 1879 lumine
1564 1822 1701 1879 solis

499 1920 598 1969 aut
612 1906 802 1969 ‘etiarn
830 1928 990 1968 nona
1014 1909 1344 1969 reddebant
1371 1910 1643 1985 lampade
1670 1911 1869 1969 vitam.

498 2019 750 2076 quorum
779 2001 957 2076 siquis
984 2001 1102 2059 ibei
1129 2002 1334 2059 vitarat
1360 2002 1564 2059 funera
1591 2002 1709 2074 leti,

499 2093 788 2151 ulceribus
816 2092 1011 2150 taetris
1039 2100 1100 2149 et
1126 2092 1288 2167 nigra
1316 2092 1578 2167 proluvie
1607 2092 1719 2150 alvi
2181 2111 2309 2148 1200

498 2183 788 2259 posterius
816 2191 1016 2240 tamen
1043 2181 1204 2240 hunc
1232 2182 1399 2241 tabes
1427 2182 1725 2258 letumque
1752 2182 2047 2255 manebat,

498 2284 598 2332 aut
627 2274 803 2332 etiam
833 2273 1049 2330 multus
1078 2273 1285 2348 capitis
1315 2291 1452 2331 curn
1483 2291 1660 2347 saepe
1691 2271 1895 2331 dolore

497 2374 802 2440 corruptus
831 2363 1062 2439 sanguis
1091 2364 1334 2438 expletis
1363 2364 1596 2422 naribus
1623 2364 1777 2422 ibat:

498 2455 612 2515 huc
641 2454 894 2521 hominis
923 2463 1082 2513 totae
1109 2454 1259 2513 vires
1287 2472 1621 2531 corpusque
1649 2454 1884 2512 fluebat.

496 2546 845 2623 profluvium
873 2563 1049 2620 porro
1078 2542 1178 2620 qui
1206 2546 1374 2603 taetri
1406 2545 1700 2620 sanguinis
1728 2562 1861 2602 acre
2191 2561 2315 2617 1205

497 2639 733 2709 exierat,
763 2646 963 2695 tamen
989 2636 1050 2693 in
1080 2654 1288 2695 nervos
1317 2636 1453 2693 huic
1485 2637 1723 2694 morbus
1751 2645 1810 2694 et
1838 2645 1995 2695 artus

499 2728 618 2786 ibat
647 2737 706 2786 et
733 2727 794 2784 in
821 2727 1000 2802 partis
1028 2726 1292 2801 genitalis
1323 2726 1585 2801 corporis
1616 2727 1787 2802 ipsaS.

499 2827 560 2878 et
586 2818 831 2893 graviter
858 2817 1069 2892 partim
1099 2825 1429 2875 metuentes
1459 2818 1661 2875 limina
1687 2818 1785 2875 leti

499 2908 772 2967 vivebant
799 2908 950 2966 ferro
979 2908 1184 2983 privati
1213 2917 1376 2983 parte
1406 2908 1569 2979 virili,

499 3008 560 3057 et
585 2999 854 3057 manibus
882 2999 1008 3057 sine
1037 2999 1304 3057 nonnulli
1332 2998 1702 3074 pedibusque
1732 2996 2046 3055 manebant
2192 3016 2317 3053 1210

499 3090 562 3148 in
585 3090 706 3148 vita
732 3100 948 3161 tamen,
980 3099 1040 3147 et
1069 3089 1400 3164 perdebant
1430 3089 1650 3146 lumina
1677 3089 1887 3163 partim
1911 3109 1923 3146 ε

499 3198 688 3257 usque
716 3180 870 3240 adeo
901 3181 1102 3239 mortis
1131 3191 1320 3239 metus
1351 3181 1440 3238 his
1470 3180 1787 3239 incesserat
1816 3195 1969 3238 acer.

498 3282 676 3347 atque
705 3272 880 3329 etiam
910 3270 1201 3347 quosdam
1231 3289 1447 3347 cepere
1477 3271 1693 3330 oblivia
1719 3288 1911 3329 rerum

497 3372 857 3433 cunctatam,
887 3380 1080 3437 neque
1108 3381 1172 3421 se
1202 3372 1445 3438 possent
1472 3379 1834 3438 cognoscere
1866 3370 1928 3417 ut
1954 3358 2083 3434 ipsi.

497 3456 797 3528 multaque
817 3453 976 3510 humi
994 3471 1131 3511 cum
1149 3454 1451 3511 inhumata
1464 3453 1721 3511 iacerent
1734 3468 1981 3525 corpora
1996 3465 2169 3522 supra
2192 3468 2209 3501 1
2221 3464 2313 3517 215
