2784 3992
518 305 639 367 166
1174 321 1637 377 LUCRETms
2217 322 2318 392 [v.

506 480 754 541 subdola
779 472 1051 557 pellicere
1080 483 1140 541 in
1168 482 1434 541 fraudem
1455 482 1775 554 ridentibus
1804 482 1996 554 undis,
2193 501 2316 556 1005

504 572 770 647 improba
798 573 1053 631 naucleri
1080 574 1227 631 ratio
1255 593 1393 631 cum
1424 592 1604 632 caeca
1631 575 1875 633 iacebat.

504 674 625 721 tum
654 664 898 741 penuria
925 663 1143 721 deinde
1172 666 1286 723 cibi
1315 665 1648 739 languentia
1676 665 1793 722 leto

505 755 764 812 membra
792 754 986 828 dabat,
1017 764 1221 812 contra
1248 774 1407 812 nunc
1434 774 1625 813 rerum
1655 756 1828 830 copia
1855 765 2086 813 mersat.

504 845 581 902 illi
610 845 987 921 inprudentes
1017 846 1127 921 ipsi
1156 846 1265 903 sibi
1294 864 1471 921 saepe
1500 864 1791 904 venenum

502 937 832 1011 vergebant,
861 937 1029 993 nurui
1058 955 1215 994 nunc
1244 936 1388 994 dant
1417 937 1698 995 sollertius
1728 938 1856 1013 ipsi.
2193 959 2319 995 1010

584 1026 736 1085 Inde
765 1045 929 1085 casas
959 1037 1273 1103 postquam
1302 1046 1373 1085 ac
1401 1028 1568 1103 pellis
1597 1028 1912 1103 ignemque
1939 1037 2232 1103 pararunt,

503 1125 563 1175 et
589 1117 795 1176 mulier
820 1118 1139 1176 coniuncta
1165 1118 1289 1176 viro
1311 1119 1605 1177 concessit
1635 1119 1697 1177 in
1726 1137 1909 1177 unum

666 1216 698 1258 x

502 1298 734 1373 cognita
760 1307 910 1371 sunt,
939 1300 1283 1374 prolemque
1312 1318 1385 1358 ex
1415 1318 1479 1359 se
1504 1299 1703 1358 videre
1731 1308 2006 1372 creatam,

500 1398 625 1446 tum
653 1406 835 1463 genus
866 1389 1185 1447 humanum
1214 1391 1467 1466 primum
1496 1390 1836 1448 mollescere
1864 1388 2079 1463 coepit.

500 1482 645 1557 ignis
674 1483 829 1539 enim
858 1483 1078 1541 curavit
1105 1492 1169 1540 ut
1199 1483 1340 1541 alsia
1365 1502 1616 1558 corpora
1643 1484 1819 1558 frigus
2185 1502 2274 1538 101
2281 1498 2311 1554 5

500 1591 621 1632 non
649 1575 728 1633 ita
754 1575 869 1632 iam
897 1583 1139 1650 possent
1166 1576 1315 1633 caeli
1342 1576 1452 1634 sub
1478 1576 1734 1651 tegmine
1764 1575 1931 1648 ferre,

500 1673 560 1722 et
585 1665 786 1724 Venus
816 1665 1085 1724 inminuit
1112 1665 1245 1724 viris
1272 1666 1555 1741 puerique
1585 1676 1890 1742 parentum

499 1755 788 1814 blanditiis
818 1756 983 1813 facile
1013 1755 1312 1833 ingenium
1341 1756 1562 1833 stegere
1591 1757 1924 1833 superbum.

497 1855 637 1904 tunc
666 1856 727 1905 et
754 1846 1071 1904 amicitiem
1098 1855 1424 1923 coeperunt
1451 1846 1689 1922 iungere
1717 1855 1956 1905 aventes

496 1936 724 1994 finitimi
752 1937 901 1994 inter
928 1955 989 1995 se
1020 1953 1131 1995 nec
1162 1936 1400 1996 laedere
1432 1956 1546 1995 nec
1574 1937 1791 2011 violari,
2183 1956 2310 1994 1020

496 2036 557 2086 et
583 2044 797 2105 pueros
826 2027 1314 2086 commendarunt
1342 2028 1741 2102 muliebreque
1771 2028 2047 2100 saeclum,

494 2118 737 2176 vocibus
767 2127 827 2177 et
853 2127 1016 2193 gestu
1047 2136 1183 2175 cum
1212 2119 1385 2178 balbe
1415 2119 1807 2194 significarent

494 2209 915 2267 imbecillorum
946 2226 1073 2266 esse
1101 2228 1311 2268 aecum
1341 2210 1665 2268 misererier
1691 2210 1902 2270 omniS.

492 2318 607 2358 nec
636 2309 832 2358 tamen
860 2299 1223 2359 omnimodis
1252 2309 1482 2377 poterat
1512 2300 1836 2360 concordia
1861 2300 2037 2377 gigni,

494 2390 599 2449 sed
628 2390 786 2449 bona
811 2407 1141 2465 magnaque
1170 2409 1305 2466 pars
1332 2392 1594 2450 servabat
1622 2391 1865 2451 foedera
1892 2401 2050 2449 caste
2072 2411 2089 2463 ;
2179 2408 2300 2461 1025

493 2490 592 2538 aut
619 2498 802 2556 genus
831 2480 1152 2539 humanum
1181 2482 1297 2539 iam
1326 2491 1451 2539 tum
1479 2483 1628 2541 foret
1656 2501 1834 2541 omne
1863 2489 2236 2557 peremptum

493 2590 605 2629 nec
635 2572 920 2646 potuisset
947 2570 1143 2630 adhuc
1170 2572 1495 2647 perducere
1525 2574 1716 2630 saecla
1744 2590 2025 2648 propago,

572 2664 651 2721 At
674 2662 861 2721 varios
888 2661 1119 2737 linguae
1150 2662 1371 2721 sonitus
1401 2670 1605 2720 natura
1631 2662 1860 2738 subegit

493 2753 719 2811 mittere
749 2761 808 2810 et
834 2753 1046 2811 utilitas
1076 2754 1356 2828 expressit
1384 2754 1625 2810 nomina
1651 2771 1861 2825 rerum,

492 2861 614 2901 non
642 2843 753 2901 alia
779 2843 955 2919 longe
985 2845 1207 2902 ratione
1236 2853 1412 2917 atque
1443 2844 1570 2918 ipsa
1595 2843 1823 2902 videtur
2177 2863 2304 2915 1030

491 2935 827 3012 protrahere
856 2933 934 2992 ad
962 2946 1189 3009 gestum
1220 2952 1436 3008 pueros
1466 2934 1705 2991 infantia
1732 2935 1981 3009 linguae,

491 3044 627 3083 cum
657 3025 793 3082 facit
821 3033 883 3082 ut
912 3024 1093 3099 digito
1124 3042 1274 3098 quae
1304 3026 1420 3082 sint
1446 3025 1773 3101 praesentia
1800 3031 2140 3082 monstrent.

491 3117 664 3174 sentit
692 3115 849 3174 enim
877 3116 995 3172 vim
1025 3116 1273 3189 quisque
1304 3134 1468 3172 suam
1499 3114 1698 3189 quoad
1725 3115 1908 3189 possit
1935 3113 2114 3171 abuti.

490 3223 711 3263 cornua
738 3216 873 3263 nata
901 3206 1058 3280 prius
1086 3200 1265 3264 vitulo
1296 3223 1474 3280 quam
1502 3206 1786 3264 frontibus
1814 3212 2031 3277 extent,

489 3295 597 3353 illis
626 3295 797 3353 iratus
827 3297 971 3370 petit
998 3305 1174 3370 atque
1204 3296 1445 3354 infestus
1476 3296 1719 3370 inurget.
2177 3313 2299 3366 1035

490 3395 548 3442 at
577 3386 751 3443 catuli
778 3386 1189 3460 pantherarum
1219 3387 1562 3461 scymnique
1591 3387 1829 3444 leonum

490 3476 777 3549 unguibus
805 3494 875 3532 ac
903 3475 1151 3550 pedibus
1181 3477 1297 3533 iam
1327 3486 1451 3533 tum
1481 3493 1795 3550 morsuque
1824 3485 2172 3551 repugnant,

488 3566 585 3622 vix
611 3566 786 3623 etiam
816 3584 950 3624 cum
978 3577 1113 3624 sunt
1142 3566 1348 3625 dentes
1378 3585 1719 3642 unguesque
1749 3566 1946 3625 creati.
