2784 3992
442 343 537 413 v.]
928 342 1038 395 DE
1090 341 1385 395 RERUM
1441 341 1793 397 NATURA
2135 348 2253 413 153

436 505 539 564 sed
570 506 787 580 pariter
811 503 999 579 prima
1027 513 1320 578 concepta
1346 504 1423 561 ab
1449 503 1672 579 origine
1699 504 1908 563 mundi

438 607 715 670 certaque
745 613 878 670 pars
906 595 1047 665 eiuS‚
1078 594 1243 669 quasi
1272 593 1444 653 nobis
1471 595 1736 653 membra
1764 594 2050 653 videntur.

434 698 735 761 praeterea
760 685 964 761 grandi
994 686 1208 742 tonitru
1238 682 1527 743 concussa
1552 694 1815 760 repente,
2154 704 2252 759 550

434 788 582 835 terra
610 795 786 851 supra
813 794 961 851 quae
992 794 1053 833 se
1083 784 1217 833 sunt
1246 776 1510 833 concutit
1537 776 1742 834 omnia
1769 786 1934 834 motu
1955 796 1974 849 3

436 867 598 942 quod
629 868 821 925 facere
854 866 993 923 haut
1020 867 1135 923 ulla
1162 875 1363 941 posset
1389 867 1633 939 ratione,
1665 867 1775 926 nisi
1806 876 1960 926 esset

434 958 691 1033 partibus
720 957 886 1014 aeriis
914 955 1121 1014 mundi
1148 956 1433 1031 caeloque
1460 956 1736 1015 revincta.

433 1066 570 1107 nam
598 1047 1013 1106 communibus
1041 1047 1192 1105 inter
1216 1066 1279 1105 se
1308 1046 1600 1106 radicibus
1629 1047 1872 1107 haerent

434 1157 507 1197 ex
532 1140 773 1197 ineunte
802 1156 949 1195 aevo
978 1138 1293 1197 coniuncta
1319 1147 1494 1214 atque
1524 1138 1717 1196 uniter
1744 1147 1904 1213 apta.
1963 1174 1970 1179 -
2156 1157 2251 1213 555

432 1248 630 1288 nonne
661 1227 825 1287 vides
854 1228 1031 1286 etiam
1059 1246 1236 1303 quam
1266 1247 1482 1304 magno
1511 1227 1776 1331 pondere
1805 1230 1977 1289 nobis

433 1321 712 1379 sustineat
740 1337 955 1421 corpus
983 1319 1321 1377 tenuissima
1347 1320 1434 1377 vis
1461 1319 1677 1377 animai

433 1421 749 1486 propterea
775 1410 915 1485 quia
941 1419 1060 1467 tam
1089 1409 1407 1468 coniuncta
1433 1419 1609 1485 atque
1639 1410 1832 1469 uniter
1859 1421 1997 1487 apta
2024 1421 2113 1470 est
2126 1412 2156 1471 ?

432 1501 692 1576 denique
720 1502 837 1558 iarn
866 1500 1013 1558 saltu
1042 1499 1268 1575 pernici
1297 1500 1500 1559 tollere
1527 1518 1742 1576 corpus

436 1592 579 1667 quid
606 1592 763 1667 potis
786 1601 874 1649 est
893 1591 1004 1649 nisi
1023 1591 1108 1649 vis
1130 1591 1309 1648 animi
1338 1609 1489 1665 quae
1507 1592 1773 1650 membra
1799 1592 2126 1667 gubernat?
2152 1598 2250 1665 560

435 1683 628 1741 iamne
656 1681 825 1740 vides
852 1691 1135 1757 quantum
1165 1682 1355 1740 tenuis
1383 1691 1591 1740 natura
1616 1683 1806 1741 valere

431 1774 636 1848 possit,
668 1773 769 1831 ubi
797 1782 886 1831 est
913 1773 1230 1830 coniuncta
1256 1773 1414 1848 gravi
1442 1791 1578 1830 cum
1607 1790 1870 1849 corpore,
1904 1783 1968 1831 ut
1994 1774 2094 1831 a'er

431 1865 783 1922 coniunctus
812 1864 975 1921 terris
1005 1872 1064 1921 et
1090 1864 1260 1921 nobis
1288 1872 1378 1921 est
1405 1864 1584 1921 animi
1611 1864 1737 1922 vis?

513 1956 647 2012 Nec
678 1954 862 2011 nimio
890 1954 1026 2011 solis
1056 1953 1239 2011 maior
1265 1964 1394 2012 rota
1422 1972 1534 2011 nec
1562 1953 1755 2012 minor
1781 1954 1955 2013 ardor

431 2062 557 2103 esse
586 2054 802 2120 potest,
833 2045 1042 2102 nostris
1070 2063 1250 2120 quarn
1278 2045 1542 2103 sensibus
1573 2063 1700 2102 esse
1731 2044 1974 2104 videtur.
2155 2051 2248 2117 565

429 2155 567 2194 nam
597 2135 814 2211 quibus
844 2153 878 2192 e
908 2136 1108 2210 spatiis
1138 2154 1392 2209 cumque
1423 2136 1587 2211 ignes
1615 2135 1832 2193 lumina
1860 2144 2106 2211 possunt

429 2226 664 2284 adicere
692 2235 753 2283 et
778 2224 1036 2284 calidum
1066 2226 1341 2283 membris
1370 2225 1585 2283 adflare
1615 2243 1911 2301 vaporem,

428 2318 508 2375 nil
536 2318 633 2375 illa
658 2316 749 2375 his
779 2316 1089 2375 intervallis
1118 2316 1195 2374 de
1225 2311 1471 2391 corpore
1503 2316 1683 2375 libant

430 2408 812 2479 flammarum,
842 2402 933 2465 nil¹
951 2405 1028 2464 ad
1057 2407 1316 2482 speciem
1348 2416 1436 2465 est
1467 2407 1818 2465 contractior
1844 2407 2013 2482 ignis.

429 2498 697 2574 proinde,
728 2498 885 2556 calor
912 2498 1190 2572 quoniam
1220 2498 1355 2555 solis
1384 2498 1700 2573 lumenque
1731 2498 2031 2572 profusum
2145 2515 2243 2569 570

429 2588 777 2665 perveniunt
802 2599 1033 2647 nostros
1060 2587 1138 2645 ad
1168 2606 1373 2646 sensus
1405 2597 1463 2645 et
1489 2588 1621 2645 loca
1649 2588 1927 2661 mulcent,

429 2682 617 2738 forma
644 2698 881 2754 quoque
910 2679 1049 2737 hinc
1077 2679 1213 2738 solis
1244 2677 1424 2736 debet
1453 2678 1732 2753 filumque
1761 2677 1962 2751 videri,

430 2772 510 2829 nil
540 2770 694 2828 adeo
721 2780 786 2827 ut
812 2771 999 2845 possis
1026 2770 1157 2845 plus
1186 2778 1286 2827 aut
1314 2769 1507 2826 minus
1536 2768 1778 2842 addere,
1807 2786 1963 2827 vere.

431 2860 686 2934 lunaque
717 2861 835 2918 sive
865 2860 1050 2918 notho
1078 2861 1256 2918 fertur
1282 2859 1417 2916 loca
1445 2859 1663 2916 lumine
1693 2858 1940 2917 lustrans
2155 2874 2249 2929 575

432 2951 549 3009 sive
580 2970 744 3009 suam
769 2938 1009 3026 proprio
1040 2950 1215 3009 iactat
1242 2950 1319 3008 de
1350 2968 1599 3024 corpore
1628 2949 1846 3021 lucem,

431 3040 721 3115 quidquid
749 3040 810 3099 id
840 3052 946 3113 est,
976 3042 1096 3099 nilo
1126 3042 1301 3099 fertur
1329 3041 1548 3098 maiore
1579 3040 1761 3115 figura

430 3151 626 3207 quam,
657 3134 865 3190 nostris
894 3133 1077 3190 oculis
1106 3151 1223 3207 qua
1250 3133 1562 3205 cernimus,
1593 3149 1720 3190 esse
1751 3131 1998 3190 videtur.

430 3240 565 3281 nam
593 3224 753 3298 prius
781 3224 995 3294 omnia,
1026 3241 1177 3299 quae
1206 3224 1378 3298 longe
1409 3233 1638 3281 semota
1665 3232 1900 3281 tuemur

428 3318 563 3374 aera
589 3331 695 3389 per
721 3314 985 3386 multum,
1014 3315 1211 3389 specie
1242 3314 1487 3372 confusa
1512 3313 1787 3371 videntur
2159 3317 2250 3380 580
2309 3380 2325 3391 ,

429 3422 607 3479 quam
633 3404 817 3462 minui
846 3405 1025 3463 filum.
1056 3414 1413 3480 quapropter
1439 3405 1575 3462 luna
1604 3422 1846 3462 necesse
1876 3412 1982 3472 est,

429 3494 914 3570 quandoquidem
943 3496 1155 3553 claram
1184 3496 1447 3569 speciem
1476 3505 1815 3569 certamque
1846 3494 2093 3568 figuram

429 3587 688 3662 praebet,
719 3595 783 3643 ut
812 3594 900 3645 est
928 3586 1041 3644 oris
1070 3585 1340 3644 extremis
1370 3604 1626 3659 cumque
1656 3593 1861 3641 notata

2537 3462 2720 3884 „l

2717 3876 2719 3907 l
