2784 3992
198 3942 273 3947 ι
96 3702 270 3871 d

451 318 535 394 48
1090 326 1554 380 Lucam-ms
2159 326 2249 394 [11

453 508 657 566 aspera
684 507 867 564 quom
894 488 1077 563 magis
1105 488 1166 545 in
1194 487 1357 545 terris
1385 487 1724 546 haerescere
1753 488 1995 564 possint.

535 579 717 655 Quod
746 580 1023 655 quoniam
1050 577 1247 650 docui,
1277 596 1516 653 pergam
1545 589 1858 638 conectere
1886 597 2009 638 rem
2041 597 2193 655 quae

454 690 529 729 ex
556 671 672 730 hoc
699 680 837 746 apta
863 670 1041 728 fidem
1073 668 1267 742 ducat,
1297 668 1615 745 primordia
1642 688 1835 728 rerum

454 763 617 819 finita
643 762 857 818 variare
885 761 1193 835 figurarum
1224 761 1466 817 ratione.
2163 768 2264 830 480

455 850 621 927 quod
648 852 697 909 si
722 869 845 910 non
872 851 951 908 ita
978 851 1068 921 sit,
1090 869 1315 909 rursum
1344 851 1458 907 iam
1489 850 1715 908 semina
1742 850 2036 926 quaedam

457 961 584 1001 esse
613 942 840 1000 infinito
871 941 1171 999 debebunt
1200 941 1461 1015 corporis
1490 950 1685 999 auctu.

456 1051 713 1107 namque
743 1033 803 1089 in
832 1032 1064 1102 eodem,
1094 1050 1213 1088 una
1239 1031 1491 1089 cuiusvis
1519 1032 1579 1088 in
1608 1032 1888 1090 brevitate

458 1124 718 1198 'corporis
746 1123 895 1180 inter
920 1140 984 1181 se
1013 1122 1258 1179 multum
1286 1122 1506 1179 variare
1534 1121 1751 1196 figurae

458 1235 580 1274 non
608 1225 887 1290 possunt:
933 1214 1025 1272 fac
1055 1215 1212 1272 enim
1240 1214 1494 1271 minimis
1523 1232 1556 1271 e
1584 1214 1844 1289 partibus
1873 1232 2002 1275 esse
2169 1223 2263 1286 485

459 1324 707 1381 corpora
734 1306 921 1381 prima
947 1304 1145 1375 tribuS,
1174 1304 1267 1361 vel
1293 1304 1470 1378 paulo
1498 1304 1757 1379 pluribus
1785 1323 1933 1380 auge
1953 1327 1972 1380 3

460 1414 675 1472 nempe
706 1396 807 1453 ubi
834 1413 933 1453 eas
961 1395 1137 1469 partis
1164 1394 1335 1452 unius
1363 1395 1625 1470 corporis
1653 1395 1864 1467 omniS,

461 1505 691 1546 summa
717 1496 891 1561 atque
920 1486 1039 1542 ima
1064 1486 1283 1557 locans,
1312 1494 1699 1543 transmutans
1730 1486 1971 1545 dextera
1996 1487 2190 1558 laeviS,

461 1576 819 1636 omnimodis
848 1584 1119 1651 expertus
1148 1575 1278 1648 eriS,
1307 1594 1486 1652 quam
1515 1576 1762 1651 quisque
1793 1576 1895 1636 det
1921 1577 2071 1637 ordo

465 1668 671 1726 formai
700 1664 959 1742 speciem
987 1666 1160 1724 totius
1189 1666 1451 1741 corporis
1481 1667 1622 1738 eius,
1727 1666 1731 1672 '
2174 1688 2274 1739 490

465 1757 629 1834 quod
657 1767 937 1833 superest,
967 1757 1015 1814 si
1046 1744 1192 1814 forte
1222 1757 1380 1814 voles
1408 1757 1627 1815 variare
1655 1758 1883 1833 figuras,

463 1847 807 1907 addendum
835 1848 1011 1922 partis
1039 1847 1177 1905 alias
1206 1848 1331 1918 erit,
1361 1847 1502 1905 inde
1531 1858 1824 1923 sequetur,

464 1939 715 1997 adsimili
742 1939 965 1996 ratione
994 1938 1132 1996 alias
1159 1947 1224 1995 ut
1250 1938 1507 2013 postulet
1536 1938 1706 2013 ord0‚

465 2030 515 2087 si
541 2039 603 2088 tu
632 2030 777 2087 forte
805 2029 964 2086 voles
992 2029 1168 2086 etiam
1194 2029 1412 2085 variare
1437 2029 1667 2102 figuras.

466 2138 604 2195 ergo
634 2119 945 2177 formarum
975 2118 1290 2176 novitatem
1320 2118 1582 2192 corporis
1610 2137 1864 2195 augmen
2173 2138 2268 2192 495

466 2210 850 2284 subsequitur.
895 2227 1073 2283 quare
1101 2227 1223 2266 non
1250 2217 1338 2266 est
1365 2218 1432 2267 ut
1459 2208 1696 2269 credere
1724 2211 1914 2287 possis

466 2294 594 2359 esse
623 2300 859 2357 infinitis
887 2298 1159 2357 distantia
1185 2299 1410 2356 semina
1437 2299 1653 2371 formiS,

464 2396 541 2451 ne
571 2392 860 2468 quaedam
891 2410 1067 2467 cogas
1098 2392 1317 2450 inmani
1344 2392 1702 2452 maximitate

468 2502 613 2555 esse,
644 2502 818 2558 supra
845 2481 1008 2557 quod
1036 2483 1152 2539 iam
1182 2483 1360 2542 docui
1387 2501 1509 2541 non
1541 2502 1716 2559 posse
1744 2485 1993 2560 probari.

466 2574 582 2632 iam
611 2573 715 2632 tibi
738 2572 1077 2632 barbaricae
1104 2582 1295 2631 vestes
1326 2575 1739 2649 Meliboeaque
1769 2575 1992 2651 fulgens
2177 2595 2277 2647 500

466 2682 722 2741 purpura
746 2663 1084 2721 Thessalico
1113 2663 1475 2723 concharum
1503 2674 1660 2723 tacta
1687 2666 1902 2739 colore,

468 2862 644 2902 aurea
670 2861 967 2918 pavonum
994 2842 1209 2902 ridenti
1237 2845 1464 2903 imbuta
1490 2845 1689 2920 lepore

469 2934 675 3006 saecla,
705 2952 861 2991 novo
889 2953 1081 2992 rerum
1110 2945 1380 3010 superata
1409 2936 1605 2993 colore
1635 2935 1892 2994 iacerent

470 3035 529 3083 et
558 3032 933 3099 contemptus
962 3024 1113 3084 odor
1140 3044 1409 3101 smyrnae
1438 3026 1740 3100 mellisque
1770 3043 2008 3102 sapores

470 3125 530 3174 et
558 3133 780 3191 cycnea
808 3116 959 3173 mele
992 3116 1385 3190 Phoebeaque
1416 3115 1662 3173 daedala
1691 3116 1923 3176 chordis
2182 3137 2278 3191 505

470 3206 728 3264 carmina
755 3207 1046 3264 consimili
1074 3206 1296 3263 ratione
1327 3225 1608 3282 oppressa
1634 3208 1904 3281 silerent3

471 3315 724 3371 namque
754 3297 877 3355 aliis
906 3297 1064 3355 aliud
1092 3298 1478 3371 praestantius
1507 3308 1857 3357 exoreretur.

471 3386 685 3445 cedere
715 3388 856 3445 item
884 3397 1037 3445 retro
1066 3396 1309 3463 possent
1334 3388 1395 3446 in
1425 3387 1743 3447 deteriores

472 3477 671 3535 omnia
697 3478 779 3536 sic
806 3478 1001 3553 partis,
1031 3487 1095 3536 ut
1123 3478 1374 3536 diximus
1403 3479 1462 3536 in
1490 3480 1742 3539 melioris
1762 3501 1780 3554 3
2004 3524 2013 3531 -

474 3585 727 3643 namque
756 3569 878 3626 aliis
906 3567 1065 3627 aliud
1091 3578 1245 3627 retro
1274 3588 1512 3646 quoque
1541 3572 1777 3631 taetrius
1805 3581 1959 3632 esset
2183 3592 2284 3645 510
