2784 3992
510 346 623 417 ΙΙ.]
982 346 1093 397 DE
1144 346 1435 399 RERUM
1492 345 1836 399 NATURA
2226 346 2304 412 45

507 509 723 585 quique
752 526 861 567 suo
889 524 1101 583 genere
1132 507 1280 565 inter
1308 526 1369 565 se
1393 507 1578 565 simile
1608 523 1736 564 esse
1762 505 2007 579 videbiS,

507 601 647 675 quin
676 600 1015 657 intercurrat
1042 597 1333 672 quaedam
1362 596 1636 655 distantia
1662 597 1876 655 formis.

506 691 979 764 concharumque
1007 706 1191 764 genus
1219 688 1379 763 parili
1409 688 1631 745 ratione
1653 686 1922 746 videmus

505 782 743 856 pingere
773 779 986 837 telluris
1014 779 1318 854 gremium,
1349 796 1468 852 qua
1495 779 1763 837 mollibus
1791 778 1965 836 undis
2217 797 2310 848 375

505 872 683 930 litoris
712 871 933 929 incurvi
960 869 1216 928 bibulam
1243 869 1402 943 pavit
1429 887 1651 943 aequor
1677 870 1973 927 harenam.

506 980 683 1037 quare
714 962 886 1019 etiam
917 970 1093 1035 atque
1124 961 1298 1018 etiam
1327 960 1497 1017 simili
1525 962 1750 1018 ratione
1778 968 2094 1031 necessest,

505 1063 707 1110 natura
735 1052 1015 1127 quoniam
1045 1060 1316 1110 constant
1343 1068 1538 1125 neque
1568 1050 1720 1108 facta
1747 1068 1923 1107 manu
1953 1059 2087 1108 sunt

504 1144 675 1201 unius
704 1142 779 1200 ad
809 1151 1027 1199 certam
1057 1142 1301 1199 formam
1330 1139 1650 1216 primordia
1676 1159 1888 1212 rerum,

505 1232 763 1291 dissimili
791 1234 940 1290 inter
966 1250 1027 1291 se
1058 1230 1351 1319 quaedam
1375 1232 1613 1321 Yolitare
1642 1232 1840 1307 figura.
2216 1240 2314 1301 380

586 1323 861 1381 Perfacile
891 1332 979 1381 est
1006 1323 1103 1381 tali
1131 1322 1354 1380 ratione
1384 1322 1684 1380 exsolvere
1712 1322 1883 1382 nobis

503 1433 680 1489 quare
702 1414 1009 1472 fulmineus
1037 1413 1222 1471 multo
1250 1412 1601 1487 penetralior
1627 1412 1774 1489 ignis

503 1523 680 1579 quam
709 1513 907 1562 noster
932 1506 1054 1561 fuat
1082 1522 1115 1561 e
1144 1502 1331 1561 taedis
1360 1504 1720 1562 terrestribus
1748 1512 1908 1562 ortus
1927 1523 1946 1576 3

503 1594 699 1653 dicere
728 1595 885 1653 enim
913 1594 1101 1670 possis
1131 1594 1444 1652 caelestem
1473 1593 1725 1653 fulminis
1754 1595 1951 1670 ignem

503 1688 773 1762 suptilem
801 1686 983 1762 magis
1013 1704 1046 1743 e
1075 1686 1263 1761 parvis
1293 1694 1561 1743 constare
1590 1686 1786 1761 figuris
2213 1693 2308 1758 385

502 1788 677 1854 atque
707 1777 844 1837 ideo
871 1777 1111 1836 transire
1140 1777 1422 1836 foramina
1449 1794 1599 1851 quae
1628 1777 1832 1852 nequit
1860 1776 2008 1852 ignis

500 1879 700 1929 noster
725 1869 822 1928 hic
851 1887 885 1927 e
912 1868 1081 1944 lignis
1109 1877 1267 1927 ortus
1296 1867 1588 1942 taedaque
1617 1860 1864 1926 creatus,

500 1970 765 2037 praterea
790 1961 988 2017 lumen
1017 1977 1123 2034 per
1149 1976 1398 2016 cornum
1426 1958 1645 2030 transit,
1675 1968 1735 2017 at
1757 1958 1943 2017 imber

500 2052 804 2127 respuitur.
830 2046 1027 2125 ‘quare
1042 2051 1071 2107 Ρ
1110 2049 1219 2108 nisi
1247 2049 1479 2107 luminis
1507 2049 1601 2107 illa
1627 2050 1855 2107 minora

501 2160 749 2217 corpora
776 2150 917 2207 sunt,
937 2158 1115 2215 quam
1144 2138 1221 2198 de
1250 2140 1462 2215 quibus
1485 2149 1573 2198 est
1593 2140 1784 2215 liquor
1803 2140 1988 2199 almus
2010 2158 2310 2215 aquarum.

501 2243 561 2292 et
588 2232 851 2308 quamvis
878 2231 1071 2291 subito
1099 2249 1207 2306 per
1232 2232 1431 2289 colum
1457 2231 1592 2289 vina
1618 2231 1886 2289 videmus
2212 2250 2304 2303 391

501 2323 784 2400 perfluere
806 2343 823 2395 3
866 2331 926 2380 at
953 2331 1155 2380 contra
1180 2320 1412 2379 tardum
1441 2330 1746 2380 cunctatur
1773 2321 2011 2398 olivom,

502 2425 600 2473 aut
628 2414 766 2490 quia
792 2413 1065 2471 nimirum
1093 2413 1407 2471 maioribus
1437 2421 1524 2471 est
1553 2412 1853 2471 elementis

502 2515 601 2564 aut
628 2504 813 2580 magis
841 2503 1085 2562 hamatis
1114 2503 1265 2561 inter
1290 2520 1354 2561 se
1381 2521 1605 2579 perque
1634 2502 1878 2578 plicatiS,

501 2605 677 2670 atque
706 2594 843 2653 ideo
870 2594 937 2652 fit
964 2594 1047 2652 uti
1074 2612 1193 2652 non
1222 2603 1343 2652 tam
1371 2592 1615 2652 diducta
1640 2602 1883 2668 repente
2211 2612 2307 2666 395

502 2687 651 2743 inter
678 2704 741 2744 se
770 2685 995 2761 possint
1021 2684 1339 2760 primordia
1366 2684 1591 2759 singula
1619 2701 1887 2758 quaeque

502 2777 726 2851 singula
751 2792 858 2852 per
885 2775 1166 2850 cuiusque
1195 2774 1480 2834 foramina
1507 2791 1867 2849 permanare.

557 2859 727 2924 'Huc
754 2864 987 2924 accedit
1013 2866 1097 2924 uti
1124 2865 1309 2923 mellis
1334 2865 1616 2940 lactisque
1644 2864 1897 2938 liquores

503 2957 764 3015 iucundo
793 2975 968 3015 sensu
998 2957 1227 3032 linguae
1256 2964 1577 3014 tractentur
1602 2955 1663 3013 in
1691 2971 1792 3013 ore
1814 2974 1833 3027 ;

503 3057 562 3106 at
589 3057 794 3105 contra
821 3056 1003 3105 taetra
1029 3046 1277 3106 absinthi
1309 3056 1515 3104 natura
1541 3045 1764 3121 ferique
2211 3065 2311 3113 400

504 3138 762 3196 centauri
790 3137 968 3195 foedo
995 3147 1375 3213 pertorquent
1404 3156 1505 3195 ora
1533 3154 1738 3212 sapore
1759 3156 1778 3208 ;

502 3238 568 3286 ut
594 3229 760 3286 facile
789 3246 1071 3303 agnoscas
1100 3246 1133 3285 e
1163 3228 1385 3286 levibus
1415 3238 1590 3303 atque
1619 3224 1884 3285 rutundis

504 3336 632 3377 esse
661 3337 734 3376 ea
761 3336 912 3393 quae
940 3336 1141 3376 sensus
1169 3316 1427 3377 iucunde
1457 3328 1694 3393 tangere
1724 3326 1989 3393 possunt,

503 3418 564 3467 at
589 3418 795 3467 contra
822 3427 972 3484 quae
1001 3428 1195 3467 amara
1222 3419 1398 3484 atque
1427 3427 1632 3484 aspera
1659 3425 1914 3482 cumque
1943 3405 2228 3476 videntur,

504 3499 652 3559 haec
680 3500 864 3575 magis
892 3500 1135 3559 hamatis
1163 3501 1311 3558 inter
1338 3519 1401 3558 se
1431 3518 1581 3558 nexa
1608 3499 1792 3563 teneri
2211 3514 2305 3566 405

502 3600 932 3669 proptereaque
962 3591 1146 3649 solere
1175 3592 1293 3648 vias
1321 3590 1652 3649 rescindere
1680 3589 1889 3649 nostris
