2784 3992
515 320 699 393 -v1.]
1032 318 1139 376 DE
1194 318 1488 378 RERUM
1543 320 1885 380 NATURA
2257 324 2371 393 195

561 488 626 545 fit
652 504 911 563 quoque,
942 486 1040 545 ubi
1069 486 1129 543 in
1159 505 1399 562 magnas
1429 493 1616 561 aqflae
1637 497 1944 563 vastasque
1973 489 2216 547 lucunas

559 579 728 653 gleba
753 566 1067 673 veqtustate
1097 596 1129 635 e
1159 588 1308 635 terra
1336 579 1692 653 provolvitur
1720 580 1943 654 ingens,

550 658 622 727 'ut
650 670 893 728 iactetur
920 687 1107 744 aquae
1137 668 1314 726 fluctu
1346 688 1584 744 quoque
1613 679 1764 727 terra
1791 669 2064 729 vacillans
2086 692 2104 743 ;

558 768 623 818 ut
647 779 746 819 vas
776 759 1069 817 interdum
1098 777 1220 816 non
1248 761 1372 833 quit
1402 770 1688 831 constare,
1718 760 1828 817 nisi
1855 779 2027 819 umor
2274 779 2368 832 555

560 850 779 909 destitit
806 851 867 908 in
896 849 1077 907 dubio
1106 850 1283 908 fluctu
1314 848 1576 907 iactarier
1603 850 1775 909 intus,

644 943 944 999 Praeterea
968 949 1177 997 ventus
1206 959 1342 997 cum
1373 959 1480 1015 per
1507 940 1640 998 loca
1666 941 1921 999 subcava
1947 950 2133 1000 terrae

559 1031 839 1089 collectus
868 1040 1031 1105 parte
1062 1048 1135 1087 ex
1163 1049 1280 1088 una
1308 1031 1644 1105 procumbit
1671 1041 1732 1089 et
1759 1041 1924 1107 urget

560 1122 807 1180 obnixus
836 1122 1060 1196 magnis
1090 1121 1400 1195 speluncas
1426 1121 1642 1179 viribus
1670 1121 1829 1193 altaS‚

556 1211 847 1270 incumbit
877 1212 1044 1270 tellus
1074 1229 1193 1285 quo
1222 1211 1379 1269 venti
1409 1229 1595 1285 prona
1623 1212 1832 1287 premit
1859 1212 1964 1271 vis,
2273 1217 2370 1283 560

555 1311 680 1359 tum
707 1320 917 1378 supera
944 1311 1156 1360 terram
1186 1319 1337 1376 quae
1367 1311 1502 1361 sunt
1530 1312 1792 1359 extructa
1821 1302 2134 1361 domorum

555 1392 631 1450 ad
658 1394 1006 1469 caelumque
1035 1393 1218 1467 magis
1246 1402 1470 1466 quanto
1499 1402 1632 1450 sunt
1659 1392 1818 1450 edita
1846 1411 2139 1468 quaeque,

555 1483 828 1541 inclinata
855 1493 1083 1542 tument
1111 1484 1171 1540 in
1199 1481 1453 1540 eandem
1482 1482 1715 1557 prodita
1741 1494 1966 1557 partem

553 1584 995 1649 protractaeque
1025 1574 1217 1632 trabes
1244 1572 1574 1647 inpendent
1601 1574 1682 1631 ire
1713 1583 1967 1648 paratae.

554 1674 611 1722 et
639 1674 907 1723 metuunt
935 1665 1131 1740 magni
1158 1674 1425 1722 naturam
1455 1663 1696 1722 credere
1726 1664 1933 1723 mundi
2271 1670 2366 1737 565

554 1756 778 1813 exitiale
806 1754 1046 1830 aliquod
1074 1765 1306 1829 tempus
1336 1753 1684 1829 clademque
1714 1772 1970 1827 manere,

552 1863 689 1903 cum
715 1845 952 1903 videant
980 1854 1200 1903 tantam
1230 1855 1508 1902 terrarum
1538 1845 1876 1902 incumbere
1907 1845 2128 1904 molem
2153 1847 2167 1903 l

552 1936 713 2010 quod
740 1937 851 1994 nisi
879 1937 1163 2011 respirent
1188 1935 1363 2006 venti,
1393 1936 1479 1993 vis
1508 1936 1664 1993 nulla
1689 1936 1942 1993 refrenet

550 2046 641 2086 res
668 2045 864 2101 neque
893 2027 969 2085 ab
998 2026 1176 2085 exitio
1205 2027 1388 2101 possit
1416 2025 1848 2101 reprehendere
1877 2025 2085 2083 euntis·

548 2136 707 2176 nunc
735 2118 873 2193 quia
899 2118 1183 2192 respirant
1209 2116 1441 2174 alternis
1471 2118 1648 2190 inque
1678 2125 2026 2191 gravescunt
2267 2134 2365 2188 570

550 2219 608 2267 et
635 2209 801 2283 quasi
830 2208 1061 2266 collecti
1088 2206 1337 2265 redeunt
1365 2206 1704 2281 ceduntque
1732 2207 1966 2281 repulsi,

550 2300 779 2374 saepius
808 2298 960 2356 hanc
989 2299 1068 2356 ob
1096 2316 1219 2355 rem
1251 2297 1546 2355 minitatur
1574 2307 1723 2354 terra
1750 2298 1944 2355 ruinas

550 2408 727 2464 quam
756 2390 893 2446 facit
913 2410 931 2461 ;
976 2389 1283 2446 inclinatur
1310 2388 1470 2446 enim
1499 2397 1770 2461 retroque
1799 2387 2021 2445 recellit

550 2490 608 2537 et
633 2480 842 2556 recipit
870 2480 1139 2555 prolapsa
1167 2497 1300 2536 suas
1330 2479 1389 2534 in
1417 2477 1685 2552 pondera
1711 2477 1903 2536 sedes,

549 2570 657 2628 hac
688 2571 857 2645 igitur
883 2571 1108 2628 ratione
1137 2569 1407 2626 vacillant
1435 2568 1634 2626 omnia
1662 2577 1835 2639 tecta,
2268 2586 2361 2641 575

550 2680 777 2719 summa
805 2661 989 2736 magis
1018 2658 1243 2729 mediis,
1275 2658 1476 2716 media
1504 2658 1651 2729 imiS,
1682 2658 1800 2716 ima
1826 2658 2134 2733 perhilum.

630 2753 735 2809 Est
764 2750 911 2809 haec
940 2750 1201 2808 eiusdem
1234 2766 1474 2824 quoque
1504 2750 1700 2824 magni
1729 2767 1906 2806 causa
1931 2748 2214 2821 tremoriS,

549 2851 752 2899 ventus
780 2841 881 2900 ubi
910 2851 1085 2915 atque
1114 2840 1344 2897 animae
1373 2839 1567 2897 subito
1596 2839 1679 2896 vis
1709 2839 1965 2897 maxima
1992 2839 2286 2913 quaedam

549 2942 647 3001 aut
674 2932 1030 2990 extrinsecus
1058 2940 1157 2987 aut
1184 2931 1311 3005 ipsa
1338 2930 1540 2987 tellure
1569 2939 1775 2987 coorta

548 3021 608 3080 in
635 3023 767 3081 loca
795 3040 858 3081 se
888 3040 1032 3079 cava
1059 3020 1228 3079 terrai
1258 3020 1512 3078 coniecit
1541 3020 1739 3094 ibique
2271 3028 2368 3092 580

548 3112 853 3187 speluncas
883 3113 1033 3169 inter
1060 3130 1299 3186 magnas
1329 3111 1519 3168 fremit
1546 3120 1682 3168 ante
1711 3109 1962 3169 tumultu

547 3202 1029 3277 versabundaque
1058 3212 1337 3277 portatur,
1370 3210 1504 3276 post
1532 3201 1711 3258 incita
1737 3218 1875 3258 cum
1902 3201 1988 3259 vis

548 3295 835 3369 exagitata
862 3294 1012 3351 foras
1042 3293 1359 3366 erumpitur
1388 3301 1448 3349 et
1475 3291 1644 3349 simul
1673 3292 1848 3349 altam

547 3383 863 3443 diffindens
892 3394 1100 3441 terram
1130 3400 1406 3456 magnum
1438 3383 1753 3439 concinnat
1783 3382 2021 3439 hiatum.

544 3474 606 3531 in
636 3475 795 3552 Syria
822 3473 1041 3533 Sidone
1070 3473 1231 3548 quod
1261 3472 1478 3529 accidit
1506 3482 1563 3530 et
1592 3472 1697 3529 fuit
1725 3473 1872 3547 Aegi
2268 3478 2362 3543 585

546 3565 607 3623 in
637 3566 1066 3641 PeloponneSO,
1097 3582 1241 3638 quas
1270 3564 1458 3620 exitus
1487 3562 1583 3619 hic
1613 3562 1826 3619 animai
