2784 3992
519 345 606 407 24
803 354 810 360 ·
1190 341 1651 395 LUCRETIUS

515 520 689 580 posse
718 501 929 561 eadem
957 499 1212 578 demptis
1239 502 1441 577 paucis
1469 502 1790 577 paucisque
1819 502 2065 576 tributis,

515 594 722 653 ordine
752 603 974 652 mutato
1003 604 1062 651 et
1091 603 1276 664 motu,
1307 593 1498 651 facere
1527 594 1675 651 aeris
1701 611 1886 666 auras,

515 685 599 743 sic
628 685 764 742 alias
793 685 914 743 aliis
943 685 1114 742 rebus
1143 684 1416 742 mutarier
1443 684 1676 741 omnis?

596 779 612 806 ‘
631 777 708 833 At
736 775 1040 832 manifesta
1066 776 1254 848 palam
1283 792 1375 832 res
1404 773 1623 831 indicat
1644 775 1657 800 '
1687 773 1879 848 inquis
1908 774 2004 832 ‘in
2032 793 2201 834 auras

514 866 660 924 aeris
690 885 723 924 e
752 875 902 924 terra
927 883 1018 922 res
1047 865 1238 923 omnis
1266 882 1529 922 crescere
1558 864 1750 938 alique
1772 885 1791 937 3

514 965 575 1014 et
599 957 709 1014 nisi
731 966 1044 1030 tempestas
1073 955 1334 1030 indulget
1362 964 1630 1030 tempore
1658 955 1847 1012 fausto

514 1047 810 1118 imbribus,
840 1056 904 1104 ut
930 1047 1064 1104 tabe
1092 1047 1422 1104 nimborum
1451 1045 1685 1103 arbusta
1710 1045 1998 1117 vacillent,

515 1137 717 1212 solque
747 1156 850 1195 sua
878 1155 984 1212 pro
1014 1147 1174 1212 parte
1204 1137 1361 1194 fovet
1387 1136 1701 1210 tribuitque
1732 1136 2005 1208 calorem,

514 1246 772 1286 crescere
802 1247 923 1286 non
950 1228 1174 1304 possint
1195 1227 1386 1303 fruges
1415 1227 1648 1285 arbusta
1674 1227 2021 1285 animantis,⁹

513 1320 733 1378 scilicet
759 1329 818 1377 et
845 1319 956 1378 nisi
983 1337 1090 1377 nos
1119 1318 1284 1376 cibus
1305 1317 1501 1376 aridus
1531 1326 1591 1376 et
1617 1326 1784 1375 tener
1809 1336 1981 1376 umor

511 1409 764 1483 adiuvet,
795 1411 1006 1468 amisso
1035 1410 1151 1466 iam
1179 1427 1427 1484 corpore
1454 1408 1573 1466 vita
1599 1426 1839 1484 quoque
1869 1409 2059 1466 omnis

512 1500 783 1559 omnibus
813 1519 845 1558 e
874 1501 1063 1558 nervis
1091 1509 1266 1574 atque
1295 1500 1523 1558 ossibus
1552 1500 1918 1572 exsoluatur3

511 1590 840 1649 adiutamur
868 1591 1024 1648 enim
1053 1588 1236 1648 dubio
1264 1589 1473 1665 procul
1486 1599 1675 1682 ¹atquc
1704 1590 1909 1648 alimur
1936 1607 2046 1648 nos

511 1682 681 1740 certis
709 1682 784 1740 ab
810 1683 1002 1752 rebuS,
1032 1681 1203 1738 certis
1232 1681 1376 1738 aliae
1406 1690 1581 1755 atque
1610 1681 1755 1738 aliae
1783 1698 1893 1738 reS.

509 1772 781 1830 nimirum
809 1773 946 1847 quia
973 1772 1156 1829 multa
1183 1770 1374 1829 modis
1404 1772 1742 1829 communia
1768 1771 1963 1829 multis

510 1863 818 1920 multarum
845 1881 1036 1921 rerum
1065 1863 1125 1920 in
1153 1863 1328 1920 rebus
1348 1862 1667 1938 primordia
1696 1863 1876 1920 mixta

510 1963 659 2025 sunt,
690 1953 828 2012 ideo
855 1954 1024 2012 variis
1051 1954 1240 2015 variae
1268 1972 1361 2011 res
1388 1954 1563 2011 rebus
1591 1953 1837 2011 aluntur.

509 2054 684 2120 atque
713 2043 923 2103 eadem
951 2046 1148 2120 magni
1174 2045 1347 2105 refert
1374 2043 1691 2120 primordia
1720 2062 1897 2120 saepe

508 2154 646 2193 cum
675 2136 885 2210 quibus
914 2145 974 2193 et
999 2136 1156 2210 quali
1183 2136 1443 2210 positura
1469 2135 1877 2193 contineantur

510 2236 568 2284 et
596 2244 744 2301 quos
771 2229 920 2284 inter
948 2244 1010 2284 se
1034 2225 1177 2283 dent
1206 2235 1401 2284 motus
1429 2226 1838 2302 accipiantque
1859 2247 1877 2299 3

507 2334 762 2391 namque
791 2315 1002 2375 eadem
1031 2316 1259 2374 caelum
1287 2334 1445 2374 mare
1474 2326 1650 2376 terras
1680 2317 1918 2375 flumina
1946 2316 2131 2375 solem

508 2408 886 2479 constituunt,
918 2407 1128 2465 eadem
1158 2408 1348 2483 fruges
1377 2408 1611 2466 arbusta
1638 2407 1964 2480 animantiS,

507 2516 707 2556 verum
735 2499 857 2556 aliis
885 2499 1117 2572 alioque
1146 2498 1329 2556 modo
1359 2499 1678 2557 commixta
1703 2508 2030 2557 moventur.

507 2590 647 2663 quin
679 2589 852 2646 etiam
880 2589 1095 2664 passim
1125 2589 1334 2647 nostris
1363 2590 1424 2646 in
1451 2590 1711 2648 versibus
1740 2590 1879 2665 ipsis

507 2680 688 2736 multa
714 2679 1005 2737 elementa
1031 2679 1195 2738 vides
1225 2680 1419 2738 multis
1443 2679 1783 2738 communia
1808 2680 2016 2752 verbiS,
2076 2711 2083 2717 -

507 2788 640 2827 cum
670 2779 868 2828 tamen
895 2769 1046 2828 inter
1073 2787 1136 2828 se
1164 2788 1362 2828 versus
1391 2788 1463 2828 ac
1490 2770 1668 2828 verba
1695 2779 1993 2829 necessest

505 2860 820 2918 confiteare
850 2869 910 2918 et
938 2877 1001 2918 re
1031 2870 1091 2919 et
1119 2862 1313 2920 sonitu
1343 2860 1557 2919 distare
1586 2861 1835 2940 sonanti.

505 2960 729 3007 tantum
760 2950 1050 3009 elementa
1077 2962 1299 3026 queunt
1327 2961 1659 3026 permutato
1688 2951 1894 3009 ordine
1924 2952 2089 3026 solo;

505 3049 563 3096 at
589 3058 781 3097 rerum
810 3038 960 3116 quae
991 3051 1125 3100 sunt
1153 3041 1488 3117 primordia,
1519 3042 1684 3117 plura
1710 3041 1989 3100 adhibere

505 3141 748 3205 possunt
775 3131 934 3190 unde
964 3142 1184 3206 queant
1209 3133 1401 3190 variae
1430 3150 1521 3189 res
1550 3150 1819 3207 quaeque
1850 3132 2127 3211 creass‘

587 3223 764 3279 Nunc
795 3231 853 3280 et
883 3224 1262 3298 Anaxagorae
1293 3233 1616 3280 scrutemur
1643 3222 2122 3281 homoeomerian

505 3331 681 3386 quam
712 3313 851 3371 Grai
879 3323 1207 3371 memorant
1235 3331 1347 3370 nec
1377 3323 1574 3371 nostra
1603 3312 1799 3371 dicere
1828 3315 2026 3390 lingua

506 3403 782 3461 concedit
811 3403 981 3462 nobis
1009 3399 1175 3477 patrii
1205 3404 1492 3461 sermonis
1521 3414 1766 3479 egestaS‚

506 3491 610 3549 sed
642 3501 839 3551 tamen
866 3494 1054 3569 ipsam
1082 3511 1204 3550 rem
1235 3494 1458 3550 facilest
1484 3512 1778 3568 exponere
1808 3495 2013 3554 verbis.

507 3585 812 3659 principio,
843 3603 1034 3641 rerum
1064 3601 1244 3659 quom
1275 3583 1421 3640 dicit
1449 3582 1946 3657 homoeomerian,

2246 291 2325 412 [1ss

2228 511 2327 560 800

2228 962 2323 1027 805

2226 1415 2326 1466 810

2224 1869 2320 1935 815

2222 2324 2321 2396 820

2220 2777 2316 2842 825

2218 3231 2317 3295 830
