2784 3992
549 345 658 415 11.J
1037 346 1146 397 DE
1199 346 1493 399 RERUM
1549 345 1890 400 NATURA
2267 348 2351 415 47
2642 368 2685 381 -

545 518 900 586 quapropter
927 508 1102 583 longe
1131 508 1344 566 formas
1374 508 1588 566 distare
1616 518 1917 567 necessest

544 600 858 677 principiiS,
888 599 1074 657 varios
1103 615 1253 672 quae
1283 599 1509 675 possint
1538 599 1713 657 edere
1742 618 1963 658 sensus·

609 692 899 773 ‘Denique
929 708 1079 765 quae
1108 690 1278 748 nobis
1307 688 1515 748 durata
1541 709 1613 748 ac
1641 691 1825 766 spissa
1852 688 2137 764 videntur,

545 782 692 841 haec
721 781 904 857 magis
932 780 1179 838 hamatis
1210 780 1358 838 inter
1385 799 1515 839 sese
1544 799 1673 840 esse
1695 791 1994 841 necessest
2254 798 2350 854 445

545 882 605 931 et
632 873 798 948 quasi
824 872 1064 930 ramosis
1093 871 1206 929 alte
1237 881 1553 946 compacta
1579 872 1780 939 teneri.

546 963 605 1020 in
633 981 753 1038 quo
781 963 896 1019 iam
923 980 1137 1037 genere
1167 961 1228 1019 in
1257 962 1456 1036 primis
1486 960 1859 1020 adamantina
1887 980 2027 1021 saxa

544 1054 732 1130 prima
759 1054 884 1111 acie
914 1062 1186 1111 constant
1216 1053 1365 1111 ictus
1395 1063 1774 1111 contemnere
1805 1063 1969 1112 sueta
2157 1125 2174 1140 l
2569 1080 2591 1094 ν

547 1153 607 1202 et
632 1144 806 1202 validi
836 1144 1023 1202 silices
1051 1162 1123 1201 ac
1152 1142 1284 1201 duri
1310 1145 1523 1202 robora
1550 1144 1681 1202 ferri
2090 1126 2222 1230 ὅττί,
2254 1139 2314 1217 κ’,
2337 1119 2476 1209 (ζμ,
2502 1107 2586 1191 fs
2620 1137 2770 1199 soar.

546 1253 795 1309 aeraque
825 1252 977 1309 quae
1007 1234 1268 1292 claustris
1296 1235 1569 1293 restantia
1596 1234 2001 1313 vociferantur.
2067 1266 2166 1311 040
2187 1230 2355 1321 ,3'429
2382 1272 2444 1310 Μ
2474 1244 2493 1291 l
2514 1276 2539 1322 ,⁶
2556 1248 2599 1303 ,g
2641 1271 2696 1303 ,μ
2713 1282 2749 1301 R,

544 1326 639 1385 illa
667 1324 908 1401 quidem
937 1324 1157 1383 debent
1186 1343 1219 1382 e
1248 1325 1470 1383 levibus
1499 1335 1675 1401 atque
1703 1325 1968 1383 rutundis
2060 1333 2118 1403 ᾖ(
2144 1334 2262 1409 [Μ
2284 1380 2313 1407 s,
2344 1376 2363 1399 f
2381 1346 2431 1401 ,ζ
2480 1330 2574 1403 ,735
2620 1343 2753 1413 1⁴2³<

547 1434 673 1475 esse
702 1417 904 1491 magiS,
935 1415 1152 1474 fluvido
1181 1434 1333 1490 quae
1363 1434 1608 1491 corpore
1639 1415 1859 1491 liquida
1886 1425 2157 1474 constant
2177 1436 2379 1499 ἣρω
2402 1470 2440 1504 η
2474 1434 2538 1503 ἃ
2568 1420 2617 1488 ξ,
2710 1468 2729 1499 ⁸.
2749 1478 2761 1490 ‚

550 1505 837 1584 [namque
858 1507 1162 1582 papaveris
1181 1507 1419 1564 haustus
1439 1507 1632 1565 itemst
1653 1506 1835 1565 facilis
1856 1505 2019 1580 quod
2040 1504 2353 1585 aquarum]

546 1616 658 1656 nec
687 1598 1008 1655 retinentur
1038 1597 1194 1655 enim
1225 1597 1375 1655 inter
1402 1615 1465 1654 se
1494 1597 1913 1672 glomeramina
1941 1615 2211 1672 quaeque

547 1695 607 1745 et
633 1704 945 1761 procursus
975 1688 1114 1745 item
1146 1687 1401 1762 proclive
1430 1688 1693 1747 volubilis
1725 1696 1927 1746 exstat.
2258 1704 2353 1759 455

547 1779 748 1836 omnia
776 1787 1074 1852 postremo
1105 1795 1254 1852 quae
1284 1788 1507 1853 puncto
1536 1788 1801 1853 tempore
1832 1778 2020 1837 cernis

549 1868 846 1950 diffugere,
877 1878 942 1927 ut
970 1869 1194 1927 fumum
1223 1869 1464 1928 nebulas
1495 1869 1889 1943 flammasque,
1920 1877 2235 1943 necessest,

548 1959 596 2019 si
624 1961 813 2018 minus
842 1960 1103 2018 omnibu'
1135 1970 1268 2018 sunt
1296 1978 1329 2017 e
1358 1961 1581 2018 levibus
1609 1968 1783 2033 atque
1814 1959 2097 2032 rutundis,

548 2061 609 2110 at
634 2070 757 2110 non
785 2070 912 2110 esse
942 2061 1141 2109 tamen
1169 2052 1458 2127 perplexis
1486 2050 1849 2125 indupedita,

548 2161 806 2218 pungere
836 2143 918 2200 uti
946 2142 1172 2217 possint
1199 2160 1411 2217 corpus
1439 2152 1861 2216 penetrareque
1890 2160 2080 2214 vesca,
2259 2150 2358 2209 460

549 2251 662 2291 nec
693 2243 891 2291 tamen
922 2233 1157 2291 haerere
1189 2233 1336 2289 inter
1364 2250 1427 2289 se
1449 2253 1467 2305 3
1511 2231 1932 2307 quodcumque
1960 2233 2224 2291 videmus

550 2324 802 2383 sensibu’
835 2322 1123 2394 sedatum,
1156 2322 1322 2379 facile
1351 2331 1416 2380 ut
1444 2340 1803 2397 cognoscere
1832 2323 2020 2398 possis

550 2433 671 2473 non
699 2433 733 2473 e
762 2414 1051 2490 perplexis
1081 2411 1188 2471 sed
1215 2413 1403 2470 acutis
1432 2431 1558 2470 esse
1589 2414 1909 2471 elementis

550 2504 657 2564 sed
686 2504 850 2580 quod
877 2522 1071 2563 amara
1099 2501 1264 2561 vides
1294 2503 1504 2561 eadem
1534 2521 1686 2578 quae
1717 2502 1932 2561 fluvida
1959 2512 2249 2575 constant,

551 2595 728 2654 sudor
755 2596 838 2653 uti
865 2595 1037 2653 maris
1067 2603 1172 2667 est,
1203 2594 1443 2653 minime
1472 2595 1729 2652 mirabile
1760 2595 1975 2653 habeto
1998 2615 2015 2666 3
2257 2598 2353 2665 465

550 2705 688 2744 narn
718 2684 879 2760 quod
907 2686 1156 2744 fluvidus
1185 2696 1289 2757 est,
1322 2704 1355 2743 e
1386 2686 1607 2743 levibus
1635 2694 1812 2759 atque
1840 2685 2105 2744 rutundis

551 2786 658 2847 est,
688 2786 746 2833 et
774 2776 1036 2850 squalida
1063 2777 1246 2833 multa
1272 2786 1474 2834 creant
1502 2776 1764 2834 admixta
1791 2775 2007 2833 doloris

552 2884 834 2941 corpora3
877 2885 990 2923 nec
1018 2876 1214 2924 tamen
1249 2866 1393 2925 haec
1424 2868 1667 2924 reteneri
1700 2866 1933 2924 hamata
1960 2874 2359 2938 necessumst3

551 2956 771 3014 scilicet
799 2975 926 3015 esse
955 2957 1200 3032 globosa
1230 2967 1443 3029 tamen,
1476 2977 1611 3015 cum
1643 2956 1908 3032 squalida
1936 2964 2223 3029 constent,

551 3048 811 3123 provolvi
840 3048 1010 3106 simul
1037 3058 1101 3106 ut
1129 3050 1353 3123 possint
1374 3059 1434 3107 et
1462 3049 1693 3107 laedere
1722 3032 1943 3108 sensus·
2261 3068 2361 3117 470

553 3150 614 3199 et
642 3140 971 3215 quo'mixta
998 3151 1168 3216 putes
1199 3143 1382 3217 magis
1411 3160 1616 3216 aspera
1644 3143 1862 3200 levibus
1890 3158 2017 3199 esse

553 3231 871 3307 principiis,
900 3231 1059 3288 unde
1090 3241 1177 3289 est
1208 3233 1473 3306 Neptuni
1502 3250 1714 3307 corpus
1744 3231 2039 3301 acerbum,

554 3331 642 3380 est
668 3322 814 3380 ratio
844 3322 1191 3379 secernendi
1212 3344 1229 3394 3
1273 3340 1651 3396 seorsumque
1679 3321 1920 3379 videndi

555 3431 724 3471 umor
753 3412 961 3485 dulciS,
993 3414 1093 3471 ubi
1121 3431 1227 3487 per
1253 3423 1432 3470 terras
1461 3413 1714 3471 crebrius
1742 3411 1902 3469 idem

555 3505 901 3579 percolatur,
931 3514 996 3562 ut
1023 3504 1084 3561 in
1111 3504 1339 3561 foveam
1368 3505 1507 3561 fluat
1534 3522 1605 3560 ac
1634 3512 2001 3561 mansuescat
2022 3523 2040 3575 ;
2264 3519 2359 3573 475

553 3594 764 3673 linquit
792 3595 951 3653 enim
981 3613 1192 3671 supera
1219 3594 1382 3652 taetri
1414 3594 1732 3671 primordia
1758 3594 1880 3667 viri,
