2784 3992
479 283 559 345 32
1148 279 1613 333 LUCRETms
2210 276 2288 351 [Ι.
2319 328 2336 352 .,

474 460 586 499 nec
615 442 923 517 quisquam
951 441 1117 499 locus
1146 450 1252 514 est,
1284 458 1405 515 quo
1434 458 1682 544 corpora
1710 458 1848 499 cum
1877 451 2179 515 venerunt,

472 533 749 609 ponderis
777 533 989 591 amissa
1012 533 1068 590 vi
1098 531 1323 607 possint
1350 540 1500 591 stare
1529 532 1592 590 in
1619 532 1816 590 inani·
1799 576 1818 605 ‚

474 642 587 682 nec
616 624 821 698 quod
805 642 977 681 inane
1007 632 1205 681 autem
1233 631 1321 680 est
1348 622 1448 680 ulli
1477 622 1786 683 subsistere
1815 622 2013 696 debet,

474 715 634 789 quin,
665 733 769 772 sua
796 714 957 789 quod
986 724 1189 772 natura
1216 714 1379 789 petit,
1410 711 1742 772 concedere
1770 723 1994 790 pergat.
2161 721 2290 773 1080

475 805 631 862 haud
661 805 830 880 igitur
856 813 1101 879 possunt
1126 804 1226 861 tali
1253 804 1478 861 ratione
1507 804 1691 862 teneri

472 914 564 953 res
593 897 653 953 in
682 896 931 954 concilio
960 895 1141 953 medii
1168 892 1507 971 cuppedine
1535 895 1743 953 victae.

557 988 861 1044 Praeterea
888 986 1169 1060 quoniam
1196 1004 1319 1043 non
1347 986 1548 1043 omnia
1576 1002 1824 1060 corpora
1850 986 2082 1063 fingunt

472 1077 535 1135 in
564 1075 827 1135 medium
855 1077 979 1148 niti,
1010 1076 1117 1135 sed
1146 1085 1425 1135 terrarum
1454 1085 1630 1150 atque
1659 1076 1917 1151 liquoriS,

474 1176 534 1225 et
562 1167 727 1241 quasi
754 1176 985 1225 terreno
1014 1185 1164 1243 quae
1194 1185 1442 1243 corpore
1472 1167 1899 1241 contineantur,
2160 1174 2284 1239 ¹085
2368 1197 2373 1201 ·

473 1276 740 1318 umorem
768 1258 935 1333 ponti
963 1275 1321 1333 magnasque
1352 1276 1385 1316 e
1414 1258 1712 1317 montibus
1740 1257 1948 1330 unda-5,

473 1359 535 1408 at
561 1358 767 1407 contra
791 1348 980 1407 tenuis
1010 1358 1317 1423 exponunt
1343 1348 1492 1407 aeris
1518 1365 1686 1407 auras

474 1449 534 1498 et
560 1440 781 1498 calidos
811 1439 981 1498 simul
1007 1459 1043 1497 a
1070 1438 1269 1498 medio
1298 1438 1574 1497 differrier
1601 1439 1768 1515 igniS,

473 1541 650 1606 atque
679 1530 817 1590 ideo
838 1540 1027 1589 toturn
1056 1531 1275 1588 circum
1312 1540 1561 1588 tremere
1589 1530 1826 1587 aethera
1851 1530 2029 1605 signis

472 1632 534 1681 et
561 1622 695 1681 solis
724 1622 1017 1681 flammam
1045 1640 1150 1698 per
1178 1621 1323 1680 caeli
1353 1621 1582 1679 caerula
1609 1621 1792 1696 pasci,
2161 1642 2287 1696 1090

474 1713 639 1789 quod
667 1713 826 1771 calor
851 1731 887 1770 a
914 1712 1114 1772 medio
1144 1712 1369 1787 fugiens
1399 1730 1462 1770 se
1491 1711 1572 1770 ibi
1594 1712 1848 1786 conligat
1876 1711 2084 1785 omnis,

473 1822 587 1862 nec
613 1822 881 1879 prorsum
906 1803 1206 1889 arboribus
1235 1820 1496 1860 summos
1523 1802 1895 1862 frondescere
1921 1810 2116 1863 ramos

474 1911 668 1971 posse,
697 1895 809 1953 nisi
834 1913 871 1953 a
897 1894 1058 1953 terris
1078 1894 1357 1970 paulatim
1385 1894 1600 1968 cuique
1627 1894 1888 1952 cibatum

2162 2093 2285 2149 1095

2162 2546 2291 2583 1100

476 2735 552 2776 ne
580 2717 800 2775 volucri
830 2718 937 2775 ritu
968 2717 1331 2775 flammarum
1359 2718 1598 2777 moenia
1623 2717 1829 2777 mundi

477 2808 780 2883 diffugiant
808 2808 999 2866 subito
1030 2826 1305 2883 magnum
1335 2827 1442 2884 per
1469 2810 1643 2867 inane
1673 2810 1862 2868 soluta

478 2908 538 2957 et
565 2917 641 2956 ne
671 2908 864 2956 cetera
890 2898 1177 2956 consimili
1204 2900 1428 2958 ratione
1458 2909 1774 2975 sequantur

478 3007 625 3047 neve
654 2998 823 3047 ruant
850 2989 995 3047 caeli
1023 2991 1343 3065 penetralia
1370 2991 1590 3066 templa
1617 3008 1868 3067 superne
2163 3009 2290 3061 1105

479 3091 744 3155 terraque
772 3098 835 3137 se
863 3080 1115 3155 pedibus
1143 3081 1353 3156 raptim
1384 3082 1675 3141 subducat
1702 3091 1762 3141 et
1787 3080 1980 3145 omnis

480 3173 627 3229 inter
652 3171 970 3247 permixtas
998 3191 1189 3231 rerum
1216 3173 1479 3247 caelique
1507 3174 1700 3232 ruinas

479 3280 727 3337 corpora
754 3265 1043 3322 solventes
1071 3264 1243 3321 abeat
1268 3282 1373 3339 per
1401 3264 1574 3322 inane
1603 3263 1977 3340 profundum,

478 3354 755 3429 temporis
784 3364 849 3412 ut
875 3363 1097 3429 puncto
1125 3354 1208 3411 nil
1234 3363 1393 3412 extet
1419 3355 1788 3429 reliquiarum

478 3443 777 3504 desertum
802 3453 1031 3520 praeter
1058 3444 1312 3519 spatium
1340 3454 1400 3502 et
1427 3446 1744 3520 primordia
1770 3463 1966 3503 caeca.
2163 3464 2293 3501 1110

480 3552 617 3592 nam
647 3552 1018 3609 quacumque
1047 3535 1204 3609 prius
1233 3534 1308 3591 de
1338 3536 1484 3609 parti
1514 3554 1761 3610 corpora
1787 3536 1957 3595 desse
