2784 3992
495 322 570 392 1.]
982 323 1090 374 DE
1143 323 1439 375 RERUM
1494 324 1836 377 NATURA
2241 326 2314 392 17

490 491 556 540 ut
583 482 666 539 nil
693 500 768 539 ex
796 481 904 539 illis
932 500 967 539 a
995 491 1156 539 certo
1185 492 1451 557 tempore
1480 493 1681 557 posset

490 582 852 647 conceptum
880 591 1172 630 summurn
1204 575 1407 630 aetatis
1436 573 1751 648 pervadere
1782 575 1858 632 ad
1888 585 2141 633 auctum.
2217 595 2243 647 5
2250 595 2276 647 5
2283 595 2333 648 5ὁ

490 682 630 720 nam
659 662 889 737 quidvis
917 663 1085 721 citius
1114 662 1346 720 dissolvi
1375 683 1549 738 posse
1577 664 1845 724 videmus

491 772 669 828 quam
697 771 891 811 rursus
918 741 1118 826 refici}
1159 765 1518 828 quapropter
1544 755 1717 830 longa
1747 752 1868 810 diei

491 845 716 901 infinita
743 854 902 901 aetas
930 844 1184 901 anteacti
1213 845 1493 919 temporis
1524 846 1715 903 omnis

491 933 655 1008 quod
684 935 943 1009 fregisset
972 933 1167 992 adhuc
1196 933 1525 992 disturbans
1556 935 2019 1011 dissoluensque,

491 1043 814 1099 numquam
840 1025 1060 1082 relicuo
1089 1026 1341 1099 reparari
1368 1034 1636 1100 tempore
1665 1037 1882 1100 posset.
2217 1034 2315 1098 560

491 1126 550 1172 at
577 1134 736 1172 nunc
763 1115 1036 1172 nimirum
1066 1115 1368 1190 frangendi
1398 1115 1627 1173 reddita
1654 1117 1785 1174 finis

491 1216 652 1264 certa
679 1215 896 1278 manet,
917 1206 1206 1279 'quoniam
1234 1206 1397 1276 refici
1424 1224 1549 1262 rem
1578 1224 1873 1282 quamque
1903 1206 2168 1265 videmus

493 1307 551 1354 et
578 1297 742 1354 finita
770 1296 941 1354 simul
968 1297 1289 1371 generatim
1319 1306 1585 1372 tempora
1614 1299 1789 1356 rebus

491 1398 662 1459 stare,
692 1387 902 1461 quibus
928 1387 1153 1461 possint
1181 1388 1309 1444 aevi
1336 1388 1676 1463 contingere
1706 1388 1929 1448 florem.

491 1478 608 1536 huc
637 1476 868 1536 accedit
895 1479 996 1549 uti,
1027 1478 1375 1536 solidissima
1402 1479 1663 1537 materiai
2217 1485 2312 1548 565

492 1587 742 1644 corpora
769 1587 905 1626 cum
927 1575 1222 1640 constant,
1252 1570 1437 1644 possit
1465 1579 1681 1641 tamen,
1710 1570 1927 1643 omnia,
1956 1568 2147 1643 reddi,

492 1660 689 1718 mollia
716 1677 866 1733 quae
903 1659 1069 1730 fiunt,
1099 1660 1198 1717 abr
1225 1678 1378 1734 aqua
1406 1669 1554 1717 terra
1580 1679 1844 1735 vaporeS‚

491 1768 613 1825 quo
642 1760 818 1825 pacto
847 1749 990 1808 fiant
1017 1759 1078 1807 et
1106 1767 1225 1823 qua
1251 1750 1308 1807 vi
1336 1769 1605 1825 quaeque
1636 1761 1925 1826 gerantur,

492 1839 816 1898 admixtum
849 1840 1130 1915 quoniam
1159 1840 1342 1898 semel
1370 1849 1459 1898 est
1487 1841 1547 1898 in
1577 1842 1748 1900 rebus
1776 1843 1968 1901 inane.

491 1941 553 1989 at
577 1940 785 1989 contra
811 1931 858 1988 si
887 1931 1082 1988 mollia
1107 1930 1222 1988 sint
1249 1931 1567 2005 primordia
1594 1950 1806 2004 rerum,
2218 1951 2315 2003 570

492 2021 652 2079 unde
682 2031 900 2096 queant
928 2020 1101 2078 validi
1129 2022 1318 2079 silices
1349 2022 1679 2097 ferrumque
1711 2023 1895 2080 creari

494 2131 614 2170 non
642 2113 856 2186 poterit
883 2113 1028 2169 ratio
1055 2110 1225 2169 reddi
1245 2131 1263 2183 ς
1307 2130 1443 2168 nam
1474 2112 1732 2171 funditus
1760 2113 1953 2172 omnis

493 2203 779 2278 principio
810 2201 1172 2259 fundamenti
1202 2212 1407 2259 natura
1434 2203 1670 2263 carebit.

493 2302 629 2351 sunt
654 2293 825 2368 igitur
851 2291 1040 2350 solida
1066 2293 1346 2367 pollentia
1374 2283 1741 2368 simplicitate

491 2402 745 2460 quorum
773 2382 1076 2442 condenso
1107 2383 1290 2457 magis
1318 2384 1519 2441 omnia
1546 2384 1859 2442 conciliatu
2217 2402 2312 2456 575

491 2473 662 2533 artari
689 2483 934 2550 possunt
961 2473 1297 2547 validasque
1328 2472 1638 2532 ostendere
1667 2475 1817 2535 viris·

575 2567 755 2623 Porro
785 2564 831 2622 si
860 2564 1068 2622 nullast
1097 2563 1429 2638 frangendis
1456 2564 1687 2622 reddita
1714 2564 1845 2624 finis

492 2656 853 2732 corporibuS,
885 2665 1082 2713 tamen
1111 2673 1185 2712 ex
1213 2664 1453 2718 aeterno
1481 2665 1748 2730 tempore
1777 2674 2047 2732 quaeque

493 2767 651 2808 nunc
682 2749 856 2807 etiam
886 2765 1155 2824 superare
1185 2755 1481 2822 necessest
1510 2763 1757 2821 corpora
1781 2747 1972 2820 rebuS,

493 2859 645 2915 quae
675 2839 942 2897 nondum
972 2839 1204 2910 clueant
1233 2837 1350 2894 ullo
1379 2846 1663 2912 temptata
1689 2837 1929 2911 periclo.
2217 2847 2316 2909 580

495 2941 553 2988 at
582 2931 862 3005 quoniam
891 2923 1067 3004 fragili
1098 2938 1304 2985 natura
1331 2926 1595 3002 praedita
1621 2936 1909 3000 constant,

497 3021 790 3095 discrepat
818 3029 1117 3078 aeternum
1147 3029 1378 3093 tempus
1409 3018 1667 3093 potuisse
1698 3037 1933 3076 manere

496 3111 1016 3171 innumerabilibus
1037 3110 1221 3186 plagis
1249 3119 1457 3167 vexata
1485 3128 1591 3184 per
1619 3127 1847 3167 aevom.

498 3202 754 3278 denique
783 3203 899 3259 iam
927 3202 1205 3276 quoniam
1234 3201 1555 3275 generatim
1582 3199 1813 3258 reddita
1839 3199 1970 3258 finis

499 3292 806 3352 crescendi
832 3293 1002 3350 rebus
1031 3301 1258 3350 constat
1285 3292 1581 3365 vitamque
1612 3290 1872 3360 tenendi,
2214 3300 2305 3362 585

500 3395 558 3442 et
587 3383 730 3460 quid
761 3402 1028 3458 quaeque
1059 3392 1277 3457 queant
1305 3400 1411 3457 per
1439 3381 1677 3440 foedera
1705 3382 1944 3452 naturai,

501 3474 643 3550 quid
673 3492 847 3550 porro
875 3483 1189 3548 nequeant,
1221 3473 1507 3531 sancitum
1536 3471 2019 3546 quandoquidem
2049 3473 2225 3543 extat,

503 3583 614 3624 nec
643 3575 1031 3623 commutatur
1058 3565 1391 3639 quicquam,
1423 3563 1566 3638 quin
1594 3563 1793 3620 omnia
1820 3569 2093 3617 constant

1394 3666 1423 3700 2

2734 3497 2769 3852 μᾉ.
