2784 3992
471 287 591 335 102
1134 283 1598 338 LUcRET1Us
2135 281 2268 351 [1v.

459 466 597 507 nam
624 464 730 505 cur
757 446 853 503 illa
879 446 1093 504 cadant
1120 445 1303 520 magis
1331 445 1407 502 ab
1434 445 1724 520 rebusque
1751 442 2031 502 recedant
2207 450 2270 515 65

458 555 637 615 quam
664 555 816 612 quae
845 537 1039 594 tenvia
1067 545 1217 607 sunt,
1249 534 1569 593 hiscendist
1597 536 1755 592 nulla
1783 544 2042 610 potestas
2064 556 2082 608 3

458 628 794 705 praesertim
825 646 961 685 cum
992 628 1107 684 sint
1134 628 1193 683 in
1222 626 1463 683 summis
1491 644 1739 701 corpora
1765 625 1937 683 rebus

458 720 640 778 multa
667 719 906 789 minuta,
936 717 1046 774 iaci
1076 736 1227 791 quae
1257 717 1482 791 possint
1508 715 1714 773 ordine
1744 715 1958 773 eodem

458 829 576 885 quo
606 810 817 867 fuerint
846 818 905 865 et
933 807 1137 870 formai
1167 825 1391 864 servare
1422 807 1683 881 figuram,

458 910 517 958 et
544 901 727 957 multo
758 899 945 969 citius,
976 906 1197 972 quanto
1228 898 1420 955 minus
1450 895 1783 971 indupediri
1898 911 1906 917 ·
2208 918 2272 965 70

456 1007 648 1065 pauca
673 999 897 1065 queunt
924 998 983 1046 et
1010 1006 1162 1063 quae
1190 998 1324 1046 sunt
1350 988 1538 1063 prima
1563 988 1749 1045 fronte
1777 987 1986 1045 locata.

459 1098 596 1138 nam
625 1089 782 1138 certe
813 1080 1001 1137 iacere
1030 1098 1101 1137 ac
1131 1079 1319 1153 largiri
1347 1079 1529 1136 multa
1556 1078 1839 1153 videmus,

456 1188 580 1229 non
609 1170 797 1228 solum
825 1188 901 1227 ex
927 1170 1043 1228 alto
1074 1170 1442 1245 penitusque,
1473 1178 1537 1226 ut
1565 1168 1816 1227 diximus
1844 1177 1999 1241 ante,

453 1277 655 1318 verum
685 1259 761 1318 de
792 1259 1033 1318 summis
1064 1260 1255 1335 ipsum
1286 1277 1524 1334 quoque
1553 1277 1729 1334 saepe
1759 1259 2036 1318 colorem.

456 1358 517 1408 et
542 1350 713 1425 volgo
744 1350 962 1408 faciunt
990 1349 1051 1407 id
1080 1350 1235 1407 lutea
1262 1367 1540 1423 russaque
1569 1349 1697 1407 vela
2205 1370 2232 1419 7
2235 1367 2265 1423 5

455 1449 515 1498 et
543 1441 845 1516 ferrugina‚
877 1459 1015 1498 cum
1044 1440 1269 1516 magnis
1297 1440 1522 1498 intenta
1547 1439 1783 1498 theatriS

453 1548 560 1606 per
585 1520 767 1591 malos
796 1531 1026 1606 volgata
1052 1532 1364 1606 trabesque
1392 1531 1701 1589 trementia
1727 1530 1933 1589 flutant
1955 1552 1971 1602 3

451 1639 706 1696 namque
738 1622 816 1681 ibi
845 1638 1187 1680 consessum
1214 1622 1415 1680 caveai
1443 1631 1642 1696 supter
1669 1621 1728 1679 et
1755 1640 1998 1680 omnem

452 1712 684 1770 scaenai
710 1712 989 1787 speciem,
1018 1721 1249 1787 patrum
1278 1722 1632 1787 coetumque
1662 1711 1945 1771 decorum

451 1802 718 1860 inficiunt
746 1812 1084 1878 coguntque
1113 1821 1221 1861 suo
1252 1802 1471 1860 fluitare
1501 1803 1716 1861 colore.
2199 1810 2269 1861 80

452 1901 511 1951 et
538 1903 758 1968 quanto
786 1894 1005 1951 circum
1035 1911 1204 1968 mage
1233 1903 1367 1951 sunt
1394 1893 1618 1951 inclusa
1644 1893 1851 1951 theatri

452 1984 768 2055 moenibu',
799 1994 919 2041 tam
948 1983 1131 2059 magis
1161 1983 1309 2042 haec
1336 1984 1492 2041 intus
1522 1984 1754 2058 perfusa
1781 1983 1981 2059 lepore

451 2076 650 2133 omnia
676 2073 984 2132 conrident
1012 2083 1280 2149 correpta
1302 2074 1436 2132 luce
1466 2073 1601 2133 diei.

451 2183 589 2241 ergo
616 2166 794 2223 lintea
821 2164 897 2222 de
926 2183 1157 2222 summo
1188 2183 1324 2223 cum
1352 2182 1599 2239 corpore
1629 2165 1827 2223 fucum

449 2256 701 2327 mittunt,
732 2255 951 2331 effigias
980 2254 1469 2330 quoque-debent
1496 2256 1724 2313 mittere
1753 2256 1940 2315 tenvis
2199 2264 2265 2328 85

449 2364 541 2403 res
569 2364 856 2422 quaeque,
887 2364 963 2403 ex
988 2364 1220 2404 summo
1249 2347 1528 2421 quoniam
1557 2347 1878 2404 iaculantur
1903 2356 2166 2422 utraque.

449 2446 583 2494 sunt
611 2437 781 2511 igitur
806 2437 922 2511 iam
952 2436 1267 2494 formarum
1296 2437 1537 2511 vestigia
1565 2445 1725 2494 certa

450 2544 600 2601 quae
629 2527 800 2602 volgo
828 2528 1070 2586 volitant
1098 2527 1294 2602 suptili
1322 2526 1588 2602 praedita
1615 2527 1716 2586 filo

449 2635 561 2675 nec
590 2617 914 2693 singillatim
945 2628 1192 2692 possunt
1220 2626 1449 2675 secreta
1473 2616 1676 2676 videri.

447 2717 711 2783 praterea
738 2708 931 2765 omnis
958 2707 1109 2766 odor
1134 2707 1327 2766 fumus
1356 2726 1540 2783 vapor
1567 2717 1742 2783 atque
1770 2708 1916 2767 aliae
1943 2726 2038 2769 res
2195 2729 2270 2784 90

449 2798 787 2857 consimiles
809 2797 945 2857 ideo
976 2797 1218 2856 diffusae
1249 2816 1282 2856 e
1310 2799 1484 2856 rebus
1513 2798 1833 2870 abundant,

448 2906 521 2945 ex
548 2889 665 2947 alto
695 2890 832 2963 quia
860 2888 1003 2947 dum
1032 2890 1273 2946 veniunt
1301 2888 1647 2947 intrinsecus
1676 2899 1859 2962 ortae,

448 2978 790 3037 scinduntur
817 2998 922 3054 per
951 2981 1057 3037 iter
1086 2979 1318 3051 flexum,
1348 2997 1463 3037 nec
1493 2990 1654 3037 recta
1679 2979 1901 3038 viarum

448 3070 596 3127 ostia
623 3078 757 3127 sunt
785 3088 902 3143 qua
930 3069 1291 3127 contendant
1320 3070 1478 3127 exire
1507 3079 1764 3128 coortae.

446 3168 507 3217 at
534 3169 739 3218 contra
765 3160 955 3218 tenuis
986 3161 1197 3240 summi
1227 3160 1568 3218 membrana
1596 3160 1807 3219 coloris
2195 3179 2265 3235 95

448 3269 584 3308 cum
613 3250 834 3321 iacitur,
861 3251 941 3307 nil
971 3260 1057 3308 est
1086 3250 1249 3324 quod
1277 3268 1407 3307 eam
1439 3250 1768 3325 discerpere
1797 3249 2002 3326 possit,

447 3341 507 3398 in
536 3352 810 3416 promptu
840 3341 1118 3415 quoniam
1148 3350 1236 3398 est
1263 3341 1322 3397 in
1352 3341 1540 3415 prima
1567 3342 1754 3399 fronte
1781 3342 1990 3400 locata.

448 3441 746 3505 postremo
776 3431 1027 3507 speculis
1056 3432 1115 3487 in
1142 3448 1296 3505 aqua
1322 3430 1756 3505 splendoreque
1785 3431 1848 3490 in
1875 3430 2039 3490 omni

448 3540 855 3597 quaecumque
884 3531 1168 3597 apparent
1196 3522 1367 3579 nobis
1397 3522 1721 3594 simulacra,
1753 3530 2068 3596 necessest,
