2784 3992
476 296 603 381 1v.']
954 310 1064 361 DE
1117 309 1408 363 RERUM
1459 310 1804 365 NATURA
2161 314 2272 377 131

474 488 707 547 unaque
724 489 817 530 res
836 470 986 529 haec
1004 480 1111 543 est,
1134 472 1298 530 cuius
1316 490 1498 547 quom
1518 490 1694 561 quam
1712 473 1960 548 plurima
1976 474 2279 545 habemuS,

473 571 597 619 tum
627 562 809 637 magis
838 561 1087 621 ardescit
1115 561 1240 619 dira
1267 562 1602 639 cuppedine
1632 573 1859 639 pectus,
2156 587 2280 637 1090
2379 569 2388 581 ‘

472 672 609 711 nam
638 653 803 711 cibus
830 662 1005 729 atque
1035 672 1203 711 umor
1231 654 1508 712 membris
1535 653 1860 713 adsumitur
1883 655 2038 714 intus
2058 674 2077 727 3

473 762 624 818 quae
653 744 933 818 quoniam
962 754 1149 801 certas
1178 755 1422 818 possunt
1449 743 1720 803 obsidere
1749 746 1944 821 partiS,

474 835 587 892 hoc
616 834 783 891 facile
815 834 1079 909 expletur
1106 835 1341 892 laticum
1371 836 1718 910 frugumque
1747 835 1985 911 cupido.

473 943 545 982 ex
572 924 825 982 hominis
853 943 992 982 vero
1021 925 1169 983 facie
1199 926 1560 1000 pulchroque
1591 926 1788 985 colore

471 1017 551 1073 nil
580 1015 750 1074 datur
776 1015 838 1073 in
865 1034 1077 1091 corpus
1107 1026 1336 1091 praeter
1363 1017 1669 1075 simulacra
1703 1016 2015 1077 fruendum
2157 1036 2278 1090 1095

470 1107 665 1165 tenvia
684 1127 702 1179 3
733 1124 883 1181 quae
913 1115 1087 1165 vento
1116 1124 1251 1181 spes
1278 1116 1494 1181 raptast
1521 1126 1697 1182 saepe
1727 1108 1962 1167 misella.

470 1207 535 1255 ut
561 1197 761 1256 bibere
788 1197 851 1253 in
872 1198 1098 1255 somnis
1127 1198 1324 1256 sitiens
1354 1205 1535 1272 quom
1565 1199 1788 1271 quaerit
1816 1209 1875 1256 et
1903 1217 2074 1258 umor

470 1306 593 1345 non
621 1286 809 1358 datur,
838 1287 1110 1345 ardorem
1139 1288 1239 1363 qui
1268 1289 1546 1346 membris
1575 1289 1865 1363 stinguere
1892 1290 2098 1364 possit,

470 1378 577 1437 sed
604 1378 847 1436 laticum
875 1378 1179 1436 simulacra
1204 1379 1350 1455 petit
1376 1380 1698 1453 frustraque
1729 1379 1951 1437 laborat

470 1470 530 1527 in
558 1468 877 1543 medioque
907 1470 1024 1527 sitit
1050 1470 1289 1528 torrenti
1319 1469 1556 1527 flumine
1585 1480 1814 1544 potans,
2009 1518 2013 1522 .
2161 1492 2180 1525 1
2194 1491 2286 1526 100

470 1560 554 1617 sic
583 1560 647 1619 in
675 1578 877 1617 amore
908 1560 1109 1618 Venus
1139 1560 1460 1618 simulacris
1489 1560 1634 1617 ludit
1662 1561 1909 1619 amantis

470 1668 582 1708 nec
611 1650 819 1708 satiare
848 1660 1071 1725 queunt
1098 1650 1424 1725 spectando
1455 1669 1703 1725 corpora
1730 1669 1933 1730 coram,

472 1759 583 1799 nec
614 1741 885 1799 manibus
918 1742 1235 1816 quicquam
1264 1742 1478 1800 teneris
1505 1741 1787 1800 abradere
1816 1741 2092 1801 membris

472 1843 721 1908 possunt
749 1842 1006 1891 errantes
1033 1832 1238 1889 incerti
1267 1850 1513 1907 corpore
1543 1842 1684 1891 toto.

475 1922 733 1998 denique
764 1942 901 1981 cum
931 1924 1207 1981 membris
1238 1923 1482 1981 conlatis
1511 1922 1651 1981 flore
1681 1924 1944 1981 fruuntur
2163 1940 2286 1995 1105

475 2014 697 2086 aetatiS‚
728 2014 846 2072 iam
875 2032 1011 2071 cum
1039 2014 1326 2089 praesagit
1354 2013 1569 2089 gaudia
1596 2032 1809 2089 corpus

475 2115 649 2182 atque
677 2106 739 2163 in
767 2115 896 2163 eost
923 2105 1124 2162 Venus
1153 2114 1217 2162 ut
1246 2105 1546 2163 muliebria
1575 2115 1844 2163 conserat
1871 2123 2021 2176 arva,

476 2197 739 2273 adfigunt
764 2195 934 2254 avide
964 2214 1175 2271 corpus
1204 2183 1565 2271 iunguntque
1595 2196 1796 2254 salivas

476 2289 591 2346 oris
621 2297 680 2345 et
706 2288 986 2362 inspirant
1012 2296 1341 2362 pressantes
1370 2285 1645 2355 dentibus
1673 2304 1793 2358 ora,

476 2379 854 2454 nequiquam,
884 2378 1165 2452 quoniam
1195 2376 1275 2435 nil
1304 2375 1443 2434 inde
1473 2375 1756 2435 abradere
1785 2386 2029 2451 possunt
2168 2396 2294 2433 1110

478 2486 591 2527 nec
619 2476 927 2543 penetrare
958 2477 1017 2525 et
1044 2468 1201 2525 abire
1230 2467 1292 2525 in
1320 2484 1534 2541 corpus
1565 2483 1811 2541 corpore
1842 2477 1966 2524 toto
1986 2486 2003 2538 3

478 2578 617 2617 nam
646 2559 835 2617 facere
863 2557 1156 2616 interdum
1184 2558 1331 2616 velle
1360 2568 1421 2615 et
1448 2568 1666 2615 certare
1695 2556 1998 2616 videntur:

481 2667 665 2725 usque
694 2648 849 2708 adeo
877 2648 1092 2724 cupide
1121 2649 1184 2707 in
1211 2649 1455 2707 Veneris
1486 2649 1868 2724 compagibus
1897 2648 2159 2721 haerent,

484 2741 750 2799 membra
775 2739 1087 2815 voluptatis
1118 2738 1261 2797 dum
1288 2739 1347 2797 vi
1374 2740 1660 2798 labefacta
1687 2739 2036 2813 liquescunt.

480 2830 723 2890 tandem
753 2830 855 2888 ubi
882 2849 945 2888 se
976 2831 1164 2905 erupit
1192 2830 1382 2888 nervis
1412 2830 1681 2887 conlecta
1708 2829 1948 2904 cupid0,
2171 2848 2293 2902 1115

480 2940 660 2997 parva
687 2921 752 2979 fit
780 2920 1000 2979 ardoris
1027 2922 1266 2979 violenti
1294 2939 1478 2995 pausa
1504 2938 1832 2995 parumper.

480 3011 622 3070 inde
651 3010 802 3069 redit
830 3011 1018 3070 rabies
1048 3010 1258 3069 eadem
1288 3021 1347 3069 et
1375 3012 1530 3069 furor
1558 3011 1649 3068 ille
1679 3010 1892 3083 revisit,

482 3120 624 3160 cum
652 3102 761 3161 sibi
790 3100 932 3176 quid
961 3102 1202 3176 cupiant
1230 3102 1339 3176 ipsi
1370 3102 1707 3175 contingere
1738 3110 2043 3175 quaerunt,

481 3211 598 3252 nec
627 3181 877 3267 reperire
908 3192 1126 3249 malum
1154 3192 1214 3249 id
1244 3202 1491 3265 possunt
1522 3210 1672 3266 quae
1702 3192 1974 3250 machina
2000 3188 2229 3250 vincat:

483 3301 672 3359 usque
700 3282 852 3341 adeo
882 3282 1084 3340 incerti
1112 3284 1419 3341 tabescunt
1447 3283 1682 3340 volnere
1711 3300 1911 3341 caeco,
2176 3301 2300 3336 1120

568 3372 742 3432 Adde
772 3373 936 3447 quod
964 3374 1276 3432 absumunt
1304 3373 1435 3430 viris
1464 3383 1829 3448 pereuntque
1857 3372 2074 3445 labore,

484 3464 646 3524 adde
676 3452 837 3538 quod
865 3464 1097 3522 alterius
1126 3464 1235 3521 sub
1263 3472 1408 3521 nutu
1440 3462 1670 3538 degitur
1697 3473 1872 3521 aetas,

482 3556 698 3615 labitur
725 3556 947 3613 interea
973 3573 1065 3612 res
1093 3564 1153 3611 et
1182 3554 1538 3629 Babylonica
1565 3554 1730 3626 fiunt,
