2784 3992
484 314 621 386 111.]
960 316 1070 368 DE
1122 316 1415 369 RERUM
1471 318 1815 371 NATURA
2209 306 2290 383 83

477 484 839 533 commutare
868 476 1127 533 animum
1157 476 1515 551 quicumque
1545 476 1804 535 adoritur
1832 487 1890 537 et
1918 478 2046 536 infit
2191 497 2286 552 51⁵

477 576 575 624 aut
602 566 770 624 aliam
804 567 1067 641 quamvis
1093 577 1357 625 naturam
1387 568 1619 626 flectere
1649 568 1872 643 quaerit
1894 590 1912 642 3

476 666 533 714 at
554 675 748 731 neque
777 658 1066 715 transferri
1094 658 1203 716 sibi
1230 659 1408 733 partis
1437 677 1550 715 nec
1579 660 1750 717 tribui
1780 660 1898 718 vult

475 747 779 806 inmortale
809 748 972 823 quod
1002 758 1088 805 est
1116 748 1433 823 quicquam
1463 767 1655 824 neque
1687 750 1942 808 defluere
1973 750 2171 809 hilum.

474 857 609 895 nam
640 839 1060 913 quodcumque
1090 840 1205 897 suis
1236 850 1522 897 mutatum
1552 840 1763 899 finibus
1792 842 1927 913 exit,

476 930 757 986 continuo
788 929 901 986 hoc
933 948 1088 986 mors
1118 939 1207 987 est
1234 930 1381 987 illius
1411 930 1576 1005 quod
1603 932 1708 989 fuit
1737 942 1891 990 ante.
2193 949 2290 1001 520

475 1038 612 1095 ergo
642 1021 871 1077 animus
898 1021 1020 1078 sive
1048 1021 1349 1097 aegrescit,
1380 1023 1645 1080 mortalia
1673 1023 1836 1098 signa

474 1111 664 1183 mittit,
697 1110 780 1168 uti
808 1111 1005 1182 docui,
1036 1129 1140 1169 seu
1170 1111 1419 1170 flectitur
1445 1132 1480 1169 a
1509 1112 1821 1171 medicina.

474 1221 657 1277 usque
688 1201 841 1260 adeo
870 1202 1045 1260 falsae
1074 1203 1282 1261 rationi
1310 1222 1444 1261 vera
1472 1203 1702 1262 videtur

473 1310 562 1350 res
591 1310 897 1350 occurrere
928 1302 987 1349 et
1015 1293 1291 1369 effugium
1320 1294 1698 1369 praecludere
1729 1294 1894 1352 eunti

472 1384 828 1459 ancipitique
856 1384 1105 1442 refutatu
1134 1386 1485 1443 convincere
1515 1386 1740 1443 falsum.
2191 1402 2285 1456 525

555 1474 827 1550 Denique
856 1493 1032 1550 saepe
1063 1475 1361 1533 hominem
1390 1476 1671 1551 paulatim
1701 1476 1993 1534 cernimus
2023 1476 2105 1533 ire

475 1574 534 1622 01
561 1566 927 1623 membratim
956 1566 1186 1623 vitalem
1216 1565 1540 1641 deperdere
1571 1585 1808 1625 sensum
1831 1586 1847 1639 ;

474 1655 533 1712 in
559 1654 811 1730 pedibus
838 1656 1088 1731 primum
1118 1655 1331 1732 digitos
1359 1657 1634 1715 livescere
1665 1665 1726 1714 et
1754 1656 1982 1731 unguis,

474 1746 610 1803 inde
639 1746 826 1821 pedes
856 1756 914 1804 et
943 1766 1107 1805 crura
1134 1748 1299 1818 mori,
1330 1758 1466 1822 post
1495 1746 1632 1805 inde
1661 1765 1768 1823 per
1795 1757 1950 1806 artus

472 1838 551 1895 ire
580 1838 723 1895 alios
752 1838 980 1895 tractim
1007 1837 1184 1912 gelidi
1213 1838 1453 1913 vestigia
1480 1838 1595 1896 leti.
2192 1856 2289 1908 530

473 1927 757 1986 scinditur
786 1929 943 2002 itque
974 1928 1202 1986 animae
1231 1929 1347 1986 hoc
1378 1929 1657 2003 quoniam
1688 1938 1893 1986 natura
1921 1945 2032 1984 nec
2061 1945 2182 1985 uno

470 2030 737 2095 tempore
768 2019 995 2076 sincera
1023 2019 1232 2089 existit,
1263 2019 1519 2077 mortalis
1548 2018 1888 2078 habendast.

471 2110 710 2185 quodsi
738 2110 885 2166 forte
909 2119 1077 2183 putas
1106 2109 1293 2183 ipsam
1322 2127 1385 2167 se
1416 2127 1590 2184 posse
1619 2127 1726 2184 per
1752 2119 1907 2166 artus

472 2202 753 2259 introsum
784 2200 1011 2257 trahere
1041 2210 1101 2257 et
1127 2200 1304 2275 partis
1334 2199 1669 2258 conducere
1700 2200 1759 2257 in
1787 2218 1970 2257 unum

470 2303 644 2367 atque
676 2290 814 2348 ideo
844 2290 1069 2347 cunctis
1098 2308 1335 2349 sensum
1364 2289 1662 2348 deducere
1691 2290 1985 2363 membri8‚
2188 2307 2286 2361 535

469 2392 525 2439 at
552 2382 720 2440 locus
751 2381 842 2438 ille
872 2391 1089 2452 tamen,
1119 2398 1239 2455 quo
1268 2381 1444 2455 copia
1472 2389 1633 2438 tanta
1659 2381 1874 2438 animai

470 2473 713 2549 cogitur,
744 2472 805 2529 in
833 2490 1005 2529 sensu
1036 2470 1215 2529 debet
1244 2472 1464 2528 maiore
1488 2470 1673 2528 viden‘
1695 2491 1713 2543 3

468 2565 568 2638 qui
597 2562 879 2638 quoniam
909 2571 1270 2636 nusquamst,
1300 2562 1574 2619 nimirum
1604 2571 1667 2618 ut
1696 2560 1947 2619 diximus
1977 2569 2131 2632 ante,

470 2654 746 2712 dilaniata
771 2654 923 2711 foras
953 2652 1315 2727 dispargitur,
1346 2652 1540 2710 interit
1568 2670 1725 2727 erg0.

470 2745 612 2819 quin
640 2743 817 2801 etiam
847 2743 894 2800 si
923 2743 1039 2800 iam
1067 2743 1243 2800 libeat
1271 2741 1603 2800 concedere
1633 2742 1839 2800 falsum
2190 2760 2288 2811 540

470 2845 528 2892 et
556 2834 696 2891 dare
726 2851 900 2908 posse
929 2834 1185 2890 animam
1214 2833 1519 2908 glomerari
1549 2833 1608 2889 in
1638 2850 1884 2907 corpore
1915 2850 2138 2902 eorum,

470 2925 688 2982 lumina
716 2924 816 2998 qui
846 2924 1067 2981 lincunt
1095 2923 1429 2981 moribundi
1459 2922 1864 2998 particulatim,

472 3016 774 3072 mortalem
804 3024 1000 3072 tamen
1029 3031 1155 3071 esse
1184 3014 1439 3071 animam
1469 3014 1683 3071 fateare
1713 3030 1976 3085 necesse,

473 3124 583 3163 nec
612 3106 785 3163 refert
814 3114 1005 3162 utrum
1035 3114 1235 3179 pereat
1264 3104 1527 3179 dispersa
1553 3122 1659 3179 per
1687 3122 1854 3163 auras

473 3214 547 3254 an
575 3205 880 3254 contracta
906 3196 1021 3253 suis
1051 3213 1084 3252 e
1113 3195 1371 3270 partibus
1401 3195 1791 3266 obbrutescat‚
2195 3211 2288 3264 545

475 3286 712 3361 quando
742 3286 1042 3344 hominem
1067 3295 1256 3343 totum
1285 3286 1469 3360 magis
1499 3304 1567 3342 ac
1598 3286 1779 3360 magis
1803 3284 2063 3359 undique
2087 3301 2291 3341 sensus

476 3376 672 3435 deficit
700 3386 760 3435 et
788 3377 938 3435 vitae
968 3377 1159 3434 minus
1189 3386 1248 3434 et
1278 3377 1467 3433 minus
1497 3374 1756 3455 undique
1785 3384 1980 3432 restat.

554 3469 631 3526 Et
659 3468 941 3543 quoniam
973 3485 1139 3525 mens
1168 3476 1255 3525 051
1283 3466 1536 3525 hominis
1565 3484 1697 3540 pars
1727 3484 1860 3535 una,
1891 3465 2026 3521 loco
2057 3480 2209 3536 quae

477 3559 588 3617 fixa
613 3568 816 3616 manet
842 3568 1021 3629 00110,
1052 3559 1207 3615 velut
1236 3576 1404 3615 aures
1432 3567 1608 3630 atque
1639 3555 1794 3613 oculi
1823 3562 1956 3610 sunt

2524 3709 2670 3887 ἦ
