2784 3992
520 315 649 388 1v.]
986 316 1098 371 DE
1149 315 1446 371 RERUM
1502 310 1845 371 NATURA
2204 316 2319 387 103

513 479 996 554 quandoquidem
1025 479 1194 537 simili
1221 478 1421 554 specie
1450 486 1583 537 sunt
1609 478 1873 553 praedita
1899 496 2086 537 rerum
2234 502 2327 539 100

513 570 744 639 extima,
778 570 1122 644 imaginibus
1151 570 1336 626 missis
1366 569 1681 626 consistere
1710 586 1921 626 rerum.

512 668 647 715 sunt
674 660 845 733 igitur
872 670 1077 717 tenues
1107 660 1323 716 formae
1352 677 1543 716 rerum
1575 658 1905 732 similesque
2236 682 2321 729 104

512 749 755 823 effigiae,
787 750 1114 824 singillatim
1143 768 1286 823 quas
1316 766 1555 805 cernere
1584 766 1761 805 nemo

510 857 645 896 cum
677 840 860 913 possit
888 849 1104 910 tamen,
1135 838 1383 896 adsiduo
1414 837 1739 912 crebroque
1768 840 2002 913 repulsu

510 930 760 987 reiectae
790 930 1045 987 reddunt
1075 931 1447 1003 speculorum
1478 946 1551 985 ex
1578 947 1832 1003 aequore
1862 930 2068 1002 visum,

509 1038 620 1077 nec
648 1020 872 1078 ratione
902 1021 1012 1077 alia
1040 1020 1248 1077 servari
1279 1037 1453 1094 posse
1484 1018 1770 1090 videntur,

512 1119 676 1168 tanto
707 1128 886 1185 opere
917 1120 981 1168 ut
1011 1110 1226 1168 similes
1254 1109 1577 1168 reddantur
1602 1110 1817 1185 cuique
1845 1111 2081 1185 figurae.
2204 1173 2212 1180 ,

590 1202 769 1258 Nunc
795 1218 904 1276 age
933 1220 1111 1276 quam
1139 1201 1301 1259 tenui
1329 1209 1535 1258 natura
1562 1209 1793 1258 constet
1818 1201 2014 1275 imago
2228 1221 2320 1256 110

507 1292 764 1367 percipe.
795 1302 855 1350 et
885 1292 944 1350 in
972 1292 1188 1367 primis,
1219 1292 1500 1367 quoniam
1530 1290 1853 1366 primordia
1879 1300 2107 1350 tantum

507 1392 642 1441 sunt
669 1384 816 1441 infra
841 1393 1072 1441 nostros
1100 1401 1303 1441 sensus
1332 1392 1617 1457 tantoque
1646 1382 1874 1439 minora

503 1484 684 1547 'quam
712 1492 862 1549 quae
892 1474 1141 1549 primum
1171 1474 1328 1531 oculi
1357 1483 1639 1548 coeptant
1666 1492 1788 1530 non
1816 1490 1989 1547 posse
2018 1470 2185 1545 tueri,

505 1582 664 1621 nunc
689 1573 889 1623 tamen
918 1563 981 1622 id
1009 1582 1247 1639 quoque
1275 1564 1362 1621 uti
1389 1563 1755 1633 confirmem,
1787 1562 2027 1621 exordia
2052 1581 2244 1621 rerum

506 1664 846 1712 cunctarum
875 1672 1053 1729 quarn
1082 1655 1197 1712 sint
1224 1654 1458 1729 suptilia
1484 1654 1722 1729 percipe
1753 1654 1972 1728 paucis.
2229 1672 2317 1725 115

505 1746 758 1820 primum
788 1746 1061 1803 animalia
1087 1754 1222 1802 sunt
1251 1746 1366 1801 iam
1393 1745 1605 1820 partim
1634 1744 1871 1814 tantula,
1902 1762 2154 1819 quorum

505 1836 672 1892 tertia
697 1854 831 1911 pars
858 1836 1016 1896 nulla
1043 1836 1228 1911 possit
1255 1835 1480 1892 ratione
1508 1834 1711 1893 videri.

505 1924 713 1984 horum
741 1926 1080 1983 intestinum
1108 1925 1358 2001 quodvis
1385 1926 1558 1999 quale
1588 1943 1715 1982 esse
1742 1923 2130 2000 putandumst
2156 1927 2167 1983 Ξ

506 2016 649 2091 quid
677 2016 872 2074 cordis
899 2017 1106 2091 globus
1123 2026 1224 2073 aut
1241 2017 1439 2073 oculi?
1466 2015 1609 2090 quid
1626 2016 1928 2073 membra?
1957 2014 2099 2090 quid
2127 2015 2323 2072 artus?

506 2108 784 2181 quantula
809 2115 945 2165 sunt
969 2110 982 2165 1
1025 2106 1170 2181 quid
1198 2117 1501 2181 praeterea
1528 2106 1847 2181 primordia
1874 2124 2143 2180 quaeque
2228 2127 2320 2161 120

506 2197 663 2255 unde
692 2198 887 2255 anima
912 2207 1090 2271 atque
1118 2197 1297 2255 animi
1327 2206 1562 2254 constet
1589 2207 1794 2254 natura
1822 2196 2225 2254 necessumst?

505 2307 703 2345 nonne
731 2287 896 2346 vides
926 2306 1102 2362 quarn
1130 2288 1245 2345 sint
1272 2288 1504 2345 subtilia
1532 2304 1825 2362 quamque
1856 2287 2121 2344 minuta?

505 2389 806 2454 praeterea
833 2396 1243 2452 quaecumque
1273 2396 1380 2435 suo
1412 2376 1486 2435 de
1517 2396 1765 2451 corpore
1794 2376 2045 2436 odorem

507 2469 770 2543 expirant
797 2486 1011 2539 acrem,
1040 2486 1298 2544 panaces
1326 2468 1616 2525 absinthia
1642 2477 1825 2539 taetra

507 2558 934 2633 habrotonique
964 2576 1166 2633 graves
1196 2565 1256 2615 et
1280 2558 1463 2614 tristia
1489 2568 1819 2628 centaurea,
2227 2575 2317 2627 1²5

507 2667 758 2724 quorum
785 2668 968 2706 unum
997 2647 1226 2723 quidvis
1253 2648 1456 2705 leviter
1482 2647 1531 2704 si
1559 2648 1707 2704 forte
1736 2646 1973 2706 duobus

1402 2728 1437 2763 ἦ

507 2830 651 2905 quin
677 2828 872 2904 potius
900 2846 1110 2886 noscas
1137 2846 1330 2885 rerum
1359 2827 1665 2885 simulacra
1690 2826 1883 2902 vagari

508 2921 689 2977 multa
715 2918 910 2977 modis
937 2919 1130 2976 multis
1158 2919 1316 2976 nulla
1341 2918 1401 2975 vi
1428 2936 1709 2991 cassaque
1738 2917 1953 2975 sensu?

592 3008 742 3087 [Sed
769 3028 845 3067 ne
875 3010 1022 3067 forte
1051 3019 1225 3084 putes
1248 3027 1322 3067 ea
1349 3008 1591 3065 demum
1622 3009 1746 3065 sola
1771 3008 1983 3082 vagari,

509 3117 918 3176 quaecumque
947 3100 1022 3158 ab
1050 3100 1222 3156 rebus
1249 3118 1441 3155 rerum
1470 3099 1776 3156 simulacra
1800 3097 2105 3173 recedunt,
2228 3116 2323 3169 130

508 3200 644 3249 sunt
671 3191 847 3248 etiam
875 3208 1026 3265 quae
1056 3199 1267 3265 sponte
1297 3208 1403 3247 sua
1429 3190 1742 3264 gignuntur
1770 3198 1829 3245 et
1857 3190 1985 3262 ipsa

509 3281 938 3339 constituuntur
967 3280 1029 3337 in
1057 3280 1173 3338 hoc
1204 3280 1367 3337 caelo
1398 3280 1499 3353 qui
1528 3278 1737 3336 dicitur
1764 3281 1879 3350 a'e'r‚

509 3390 660 3447 quae
688 3371 882 3429 multis
911 3372 1160 3429 formata
1185 3370 1378 3428 modis
1408 3370 1653 3427 sublime
1682 3370 1943 3427 feruntur

509 3481 622 3520 nec
649 3462 912 3537 speciem
939 3471 1162 3519 mutare
1192 3480 1356 3518 suam
1385 3460 1666 3534 liquentia
1694 3466 1924 3517 cessant

512 3561 571 3610 et
599 3553 882 3627 cuiusque
913 3552 1077 3610 modi
1105 3552 1423 3609 formarum
1451 3560 1674 3608 vertere
1705 3550 1764 3605 in
1793 3566 1921 3606 oras
1941 3567 1961 3621 3
2231 3566 2317 3618 135
