2784 3992
1127 851 1196 910 Τ.
1243 851 1626 912 LUCRETI
1682 851 1892 912 CARI

901 1055 1054 1129 DE
1138 1053 1553 1168 RERUM
1635 1053 2129 1132 NATURA

1216 1267 1448 1322 LIBER
1499 1269 1808 1324 PRIMUS.

1426 1435 1629 1470 -4—

602 1567 950 1628 Aeneadum
977 1567 1256 1644 genetrix,
1287 1568 1595 1627 hominum
1625 1567 1943 1644 divomque
1973 1569 2258 1646 mlum,
2297 1541 2401 1624 ᾖ)
2424 1542 2510 1628 Ῡ3

603 1662 758 1718 alma
782 1661 1000 1731 Venus,
1032 1659 1178 1716 caeli
1207 1659 1407 1717 subter
1433 1658 1688 1717 labentia
1716 1659 1881 1735 signa

603 1769 757 1826 quae
785 1768 942 1808 mare
969 1750 1323 1825 navigerum,
1355 1768 1507 1824 quae
1538 1759 1717 1808 terras
1746 1751 2127 1826 frugiferentis

603 1841 1000 1914 concelebras,
1029 1859 1136 1916 per
1163 1849 1220 1898 te
1250 1841 1531 1915 quoniam
1560 1859 1744 1916 genus
1773 1858 1950 1900 omne
1979 1842 2340 1902 animantum

604 1932 932 2008 concipitur
956 1932 1202 2006 visitque
1234 1941 1503 1989 exortum
1530 1931 1750 1990 lumina
1778 1932 1913 1991 solis
1938 1953 1950 1990 :
2388 1953 2416 2006 5

605 2033 684 2094 te,
713 2022 844 2095 dea,
873 2032 931 2080 te
960 2023 1184 2098 fugiunt
1211 2023 1390 2095 venti,
1421 2031 1479 2080 te
1510 2023 1708 2080 nubila
1734 2023 1882 2081 caeli

605 2112 1037 2187 adventumque
1067 2123 1252 2186 tuum,
1283 2113 1390 2172 tibi
1421 2113 1611 2172 suavis
1640 2112 1888 2172 daedala
1914 2114 2083 2172 tellus

607 2205 909 2262 summittit
937 2204 1123 2278 flores,
1152 2205 1256 2263 tibi
1284 2204 1481 2262 rident
1508 2221 1765 2280 aequora
1791 2204 1960 2280 ponti

563 2295 1014 2378 jhcammque
1043 2296 1187 2353 nitet
1215 2295 1428 2354 diffuso
1457 2295 1676 2353 lumine
1707 2295 1954 2355 caelum.

606 2404 742 2443 nam
771 2387 940 2444 simul
967 2405 1037 2443 ac
1065 2387 1292 2461 species
1320 2387 1666 2461 patefactast
1694 2403 1871 2444 verna
1899 2385 2018 2445 diei
2360 2407 2423 2444 10

609 2484 668 2533 et
693 2486 942 2534 reserata
968 2477 1124 2552 viget
1152 2477 1479 2552 genitabilis
1510 2495 1649 2534 aura
1677 2476 1890 2548 favoni,

607 2569 793 2625 aeriae
819 2568 1072 2642 primum
1099 2567 1361 2626 volucres
1389 2577 1467 2640 te,
1500 2567 1654 2637 diva,
1685 2577 1969 2643 tuumque

609 2659 932 2740 significant
959 2659 1163 2716 initum
1192 2658 1492 2732 perculsae
1526 2657 1707 2716 corda
1734 2668 1833 2716 tua
1860 2659 1933 2716 vi.

607 2748 745 2806 inde
774 2749 926 2806 ferae
953 2748 1216 2823 pecudes
1243 2749 1563 2824 persultant
1586 2749 1801 2825 pabula
1825 2749 1977 2807 laeta

609 2849 668 2896 et
693 2838 926 2914 rapidos
954 2849 1182 2897 tranant
1208 2841 1394 2898 amnis
1418 2862 1431 2898 ε
1479 2841 1558 2898 ita
1586 2849 1759 2915 capta
1786 2841 1984 2914 lepore
2360 2859 2417 2914 15

607 2938 665 2987 te
694 2930 952 3004 sequitur
979 2930 1195 3005 cupide
1225 2949 1345 3005 quo
1374 2949 1672 3006 quamque
1701 2930 1980 2990 inducere
2009 2931 2219 3007 pergiS.

608 3019 861 3094 denique
889 3038 996 3096 per
1024 3021 1202 3078 maria
1229 3039 1298 3078 ac
1327 3022 1540 3080 montis
1569 3021 1890 3104 fluviosque
1918 3023 2145 3098 rapacis

608 3109 1064 3186 fiondiferasque
1093 3111 1302 3170 domos
1332 3113 1526 3169 avium
1555 3132 1917 3188 camposque
1946 3114 2179 3172 virentis

607 3203 876 3261 omnibus
907 3203 1193 3261 incutiens
1222 3202 1503 3261 blandum
1532 3222 1638 3279 per
1665 3214 1907 3278 pectora
1935 3223 2197 3263 amorem

608 3293 787 3352 efficis
815 3302 879 3351 ut
907 3291 1124 3368 cupide
1153 3281 1472 3368 generatim
1503 3295 1693 3352 saecla
1721 3306 2065 3371 propagent.
2358 3316 2419 3353 20

551 3367 758 3458 ”quae
789 3385 1070 3458 quoniam
1097 3402 1287 3442 rerum
1317 3394 1585 3443 naturam
1614 3386 1737 3443 sola
1764 3386 2052 3460 gubernas
2124 3393 2129 3398 '
2192 3419 2201 3426 ·

607 3492 719 3532 nec
746 3474 870 3534 sine
899 3484 957 3533 te
987 3475 1303 3550 quicquam
1332 3474 1459 3533 dias
1487 3476 1549 3533 in
1575 3475 1806 3534 luminis
1834 3494 1965 3534 oras

608 3565 862 3626 exoritur
887 3584 1081 3641 neque
1111 3567 1180 3624 fit
1204 3567 1422 3624 laetum
1451 3583 1647 3640 neque
1675 3565 1923 3623 amabile
1952 3565 2284 3638 quicquam,

1500 3674 1522 3709 ,
2477 3654 2775 3943 6¹¹
