2784 3992
536 264 655 343 158
1194 273 1657 327 LUCRETms
2229 272 2332 343 [v.

527 438 604 505 ad
633 438 894 513 speciem
921 440 1091 495 vertit
1117 437 1287 497 nobis
1314 438 1636 512 oculosque
1665 438 1918 511 patentis
1939 458 1959 511 ;

527 527 666 587 inde
694 530 1025 587 minutatim
1052 537 1209 585 retro
1237 536 1589 601 contorquet
1616 536 1677 585 et
1703 528 1890 586 aufert
2241 546 2335 600 725

526 620 825 677 luciferam
852 628 1078 695 partem
1104 617 1538 693 glomeraminis
1567 626 1743 692 atque
1772 618 1907 694 pilai
1929 640 1948 692 3

528 720 592 768 ut
620 710 978 785 Babylonica
1004 706 1369 767 Chaldaeum
1399 707 1669 765 doctrina
1695 709 1948 767 refutans

527 800 948 876 astrologorum
977 808 1162 856 artem
1190 809 1398 856 contra
1426 799 1774 857 convincere
1804 800 2007 873 tendit,

526 889 775 967 proinde
804 889 969 964 quasi
996 887 1059 946 id
1086 888 1211 946 fieri
1237 897 1499 963 nequeat
1525 887 1690 963 quod
1717 900 1939 964 pugnat
1967 900 2216 968 uterque

526 991 627 1040 aut
652 981 844 1039 minus
872 980 989 1037 hoc
1016 978 1114 1037 illo
1142 980 1215 1037 sit
1243 998 1347 1037 cur
1372 979 1715 1054 amplectier
1741 980 1911 1039 ausiS.
2242 1002 2338 1053 730

527 1070 783 1146 denique
811 1090 916 1128 cur
943 1078 1201 1146 nequeat
1226 1088 1463 1145 semper
1489 1088 1642 1127 nova
1667 1069 1808 1127 luna
1835 1072 2016 1130 creari

527 1161 730 1219 ordine
759 1162 1075 1219 formarum
1104 1170 1266 1219 certo
1295 1161 1586 1235 certisque
1613 1160 1812 1236 figuris

528 1253 704 1326 inque
733 1252 859 1310 dies
888 1252 1083 1328 privos
1110 1252 1359 1310 aborisci
1386 1269 1658 1328 quaeque
1687 1261 1884 1309 creata

526 1352 701 1417 atque
729 1343 839 1400 alia
865 1342 1013 1400 illius
1040 1342 1290 1417 reparari
1318 1342 1381 1401 in
1409 1351 1572 1417 parte
1594 1342 1868 1417 locoque,

529 1428 815 1490 difficilest
840 1434 1065 1491 ratione
1095 1432 1309 1491 docere
1340 1442 1401 1490 et
1428 1432 1660 1489 vincere
1688 1432 1898 1505 verbiS,
2243 1449 2335 1505 735

528 1522 732 1581 ordine
761 1542 897 1581 cum
927 1525 1154 1599 possint
1180 1534 1298 1581 tam
1332 1532 1496 1581 certo
1524 1522 1706 1580 multa
1731 1522 1934 1581 creari.

528 1613 572 1672 it
595 1632 697 1671 ver
724 1623 784 1671 et
809 1615 1030 1685 Venus,
1060 1623 1119 1672 et
1145 1614 1390 1671 Veneris
1419 1612 1796 1688 praenuntius
1823 1621 1962 1671 ante

527 1714 813 1781 pennatus
840 1704 1113 1780 graditur,
1142 1703 1376 1778 zephyri
1407 1702 1644 1779 vestigia
1670 1711 1911 1779 propter

530 1796 701 1853 Flora
727 1796 937 1869 quibus
965 1804 1150 1852 mater
1176 1812 1593 1897 praespargens
1619 1802 1756 1852 ante
1784 1793 1898 1851 viai

526 1896 742 1943 cuncta
768 1886 1058 1943 coloribus
1087 1885 1330 1959 egregiis
1359 1894 1418 1942 et
1447 1884 1726 1943 odoribus
1753 1884 1976 1961 opplet.
2241 1904 2336 1953 740

526 1975 666 2035 inde
695 1976 810 2034 loci
838 1975 1098 2051 sequitur
1125 1976 1286 2033 calor
1312 1974 1508 2033 aridus
1536 1985 1596 2033 et
1622 1991 1826 2033 comes
1853 1993 1974 2032 una

526 2066 924 2143 pulverulenta
952 2066 1131 2127 Ceres
1160 2075 1219 2124 et
1245 2066 1426 2124 etesia
1453 2065 1631 2123 flabra
1656 2065 2016 2140 aquilonum.

526 2157 664 2215 inde
692 2166 1005 2215 autumnus
1032 2156 1172 2228 adit,
1202 2152 1458 2231 graditur
1487 2154 1658 2213 simul
1687 2155 1912 2213 Euhius
1943 2156 2132 2213 Euan.

526 2246 665 2305 inde
693 2246 836 2304 aliae
865 2255 1241 2321 tempestates
1268 2246 1544 2320 ventique
1573 2254 1866 2317 secuntur,

526 2337 835 2394 altitonans
862 2335 1178 2394 Volturnus
1206 2345 1265 2394 et
1292 2345 1484 2395 auster
1511 2336 1749 2394 fulmine
1778 2335 2023 2411 pollenS.
2243 2353 2333 2407 745

446 2464 449 2467 ψ
525 2425 765 2485 tandem
791 2427 999 2484 bruma
1025 2426 1185 2483 nives
1213 2425 1401 2485 adfert
1428 2426 1774 2501 pigrumque
1803 2427 2054 2501 rigorem

525 2516 756 2589 reddit3
793 2517 1020 2591 hiemps
1050 2516 1308 2592 sequitur
1334 2517 1625 2592 crepitans
1654 2516 1806 2575 hanc
1836 2516 2110 2575 dentibus
2138 2516 2290 2592 algu.

528 2626 647 2682 quo
677 2608 868 2664 minus
900 2616 988 2664 est
1017 2606 1229 2665 mirum
1259 2607 1307 2665 si
1336 2617 1498 2665 certo
1526 2616 1792 2682 tempore
1822 2607 1960 2665 luna

528 2698 776 2773 gignitur
804 2706 863 2754 et
891 2707 1051 2755 certo
1082 2695 1307 2755 deletur
1332 2706 1602 2773 tempore
1629 2716 1815 2770 rusuS,

529 2806 665 2845 cum
694 2786 816 2844 fieri
844 2788 1070 2862 possint
1098 2798 1217 2845 tam
1235 2776 1409 2847 'certo
1436 2797 1705 2865 tempore
1733 2787 1931 2846 multa.
2244 2804 2338 2859 750

605 2878 754 2935 Solis
782 2878 922 2935 item
952 2895 1188 2953 quoque
1218 2877 1484 2937 defectus
1512 2878 1801 2954 lunaeque
1831 2879 2078 2937 latebras

529 2967 787 3042 pluribus
816 2985 849 3025 e
878 2968 1067 3025 causis
1096 2968 1220 3026 fieri
1248 2968 1352 3027 tibi
1378 2986 1556 3045 posse
1584 2968 1984 3046 putandumst.

529 3075 667 3115 nam
695 3075 799 3115 cur
825 3058 961 3115 luna
989 3067 1169 3133 queat
1198 3066 1410 3117 terram
1439 3058 1742 3118 secludere
1773 3060 1911 3119 solis

529 3147 748 3206 lumine
778 3157 838 3205 et
865 3166 901 3205 a
927 3148 1088 3207 terris
1118 3148 1299 3206 altum
1328 3159 1508 3226 caput
1535 3151 1833 3209 obstruere
1864 3148 1938 3223 ei,

529 3239 793 3297 obiciens
823 3257 1067 3297 caecum
1100 3240 1275 3298 radiis
1306 3240 1644 3299 ardentibus
1673 3242 1877 3299 orbem
1897 3259 1917 3312 3
2243 3256 2330 3310 755

529 3339 797 3405 tempore
825 3329 1039 3388 eodem
1067 3330 1205 3387 aliut
1231 3331 1424 3388 facere
1453 3328 1515 3387 id
1543 3348 1666 3387 non
1692 3348 1864 3406 posse
1894 3339 2127 3404 putetur

530 3437 744 3494 corpus
773 3419 935 3493 quod
964 3437 1193 3477 cassum
1221 3419 1445 3477 labatur
1470 3420 1690 3477 lumine
1719 3420 1992 3495 semper?

531 3511 736 3585 solque
766 3528 902 3569 suos
930 3510 1105 3567 etiam
1135 3509 1426 3568 dimittere
1456 3508 1761 3585 languidus
1791 3510 1937 3584 ignis
