2784 3992
491 295 570 366 1.]
972 296 1080 348 DE
1134 297 1427 350 RERUM
1482 295 1830 351 NATURA
2220 300 2291 346 21

486 467 545 516 et
573 459 884 517 labefactat
909 476 1031 530 eOS,
1060 457 1219 517 unde
1249 459 1450 516 omnia
1477 458 1701 517 credita
1727 460 2008 534 pendent,

484 549 643 608 unde
675 549 773 606 hic
803 550 1071 624 cognitus
1100 559 1188 607 est
1215 550 1325 624 ipsi
1354 569 1532 624 quem
1560 551 1827 608 nominat
1854 552 2048 626 ignem
2069 573 2087 626 3
2205 559 2299 626 695

485 639 672 698 credit
701 640 858 698 enim
892 659 1096 698 sensus
1125 641 1322 715 ignem
1350 659 1711 716 cognoscere
1739 660 1893 713 vere,

484 741 683 789 cetera
710 749 832 788 non
861 729 1065 801 credit,
1097 749 1246 805 quae
1277 730 1399 788 nilo
1428 731 1585 789 clara
1609 733 1802 791 minus
1830 742 1980 792 sunt.

485 821 652 897 quod
680 821 822 879 mihi
851 840 987 878 cum
1015 840 1232 878 vanum
1259 831 1382 880 tum
1414 821 1663 880 delirum
1690 841 1819 881 esse
1847 823 2115 897 videtur3

483 931 607 988 quo
637 912 954 970 referemus
983 913 1183 970 enim?
1223 911 1369 986 quid
1398 913 1569 971 nobis
1599 915 1810 972 certius
1838 914 1976 988 ipsis

485 1004 751 1061 sensibus
781 1021 909 1060 esse
937 1012 1151 1078 potest,
1183 1022 1294 1096 Q.
1310 1022 1449 1061 vera
1473 1023 1545 1061 ac
1574 1004 1715 1062 falsa
1741 1006 2055 1063 notemus?
2209 1024 2305 1070 700

485 1103 792 1169 praeterea
819 1112 998 1167 quare
1029 1094 1338 1168 quisquam
1369 1095 1553 1169 magis
1581 1096 1784 1152 omnia
1810 1096 1972 1153 tollat

488 1194 548 1242 et
574 1184 714 1242 velit
744 1184 966 1242 ardoris
994 1194 1260 1242 naturam
1289 1184 1551 1259 linquere
1581 1185 1784 1256 solam,

485 1293 667 1350 quam
695 1285 872 1350 neget
901 1293 1028 1332 esse
1057 1275 1223 1350 ignis,
1255 1275 1485 1350 quidvis
1512 1285 1710 1333 tamen
1738 1294 1865 1334 esse
1895 1276 2222 1351 relinquat?

486 1384 680 1440 aequa
707 1365 938 1424 videtur
966 1366 1124 1423 enim
1153 1365 1453 1424 dementia
1481 1366 1679 1424 dicere
1707 1376 2037 1440 utrumque.

568 1457 945 1531 Quapropter
970 1457 1073 1530 qui
1101 1457 1403 1515 materiem
1430 1475 1623 1515 rerum
1652 1475 1777 1515 esse
1806 1466 2082 1532 putarunt
2214 1475 2304 1527 705

485 1546 686 1622 ignem
714 1557 892 1621 atque
922 1566 996 1604 ex
1026 1547 1142 1622 igni
1173 1566 1464 1605 summam
1494 1548 1811 1605 consistere
1840 1566 2035 1623 posse,

488 1646 550 1696 et
579 1639 680 1712 qui
709 1637 1063 1712 principium
1092 1638 1404 1713 gignundis
1433 1638 1568 1697 aera
1594 1639 1766 1697 rebus

487 1729 866 1802 constituere,
896 1738 998 1786 aut
1024 1746 1292 1787 umorem
1321 1730 1680 1805 quicumque
1708 1738 1985 1805 putarunt

487 1819 709 1895 fingere
738 1837 831 1876 res
860 1820 1054 1893 ipsum
1082 1838 1189 1894 per
1215 1839 1298 1895 se,
1327 1830 1610 1878 terramve
1640 1838 1835 1878 creare

486 1910 688 1968 omnia
717 1919 777 1967 et
805 1910 866 1967 in
892 1928 1084 1967 rerum
1114 1919 1346 1968 naturas
1373 1911 1583 1969 vertier
1610 1911 1818 1981 omniS,
2216 1929 2310 1974 710

486 2020 705 2076 magno
735 2019 916 2076 opere
946 2020 982 2058 a
1007 2019 1147 2059 vero
1174 2001 1348 2075 longe
1379 2000 1640 2058 derrasse
1668 2000 1953 2058 videntur.

486 2090 645 2150 adde
675 2091 854 2149 etiam
883 2091 987 2165 qui
1014 2089 1437 2166 conduplicant
1464 2090 1781 2166 primordia
1807 2109 1998 2149 rerum

485 2181 625 2242 aera
649 2183 962 2258 iungentes
991 2181 1110 2258 igni
1138 2190 1469 2256 terramque
1500 2180 1726 2255 liquori,

488 2281 549 2332 et
576 2273 677 2349 qui
704 2282 982 2349 quattuor
1009 2291 1083 2330 ex
1109 2272 1284 2331 rebus
1311 2289 1486 2346 posse
1516 2271 1717 2329 omnia
1742 2279 1940 2330 rentur

487 2382 565 2422 ex
589 2363 714 2439 igni
739 2373 891 2422 terra
917 2372 1092 2438 atque
1121 2362 1316 2421 anima
1343 2379 1716 2437 procrescere
1746 2370 1806 2418 et
1832 2361 2018 2420 imbri.
2211 2381 2305 2431 715

489 2473 743 2529 quorum
770 2455 1195 2530 Acragantinus
1225 2472 1361 2510 cum
1389 2453 1589 2528 primis
1621 2450 2017 2526 Empedocles
2046 2461 2150 2522 est,

487 2544 678 2604 insula
707 2563 887 2620 quem
916 2545 1208 2620 triquetris
1236 2554 1517 2602 terrarum
1544 2542 1718 2619 gessit
1746 2543 1807 2600 in
1837 2543 1966 2615 oris,

490 2654 670 2711 quam
699 2635 929 2694 fluitans
959 2637 1183 2694 circum
1211 2634 1437 2711 magnis
1468 2634 1819 2692 anfractibus
1847 2651 2068 2707 aequor

491 2726 733 2784 Ionium
760 2727 980 2802 glaucis
1009 2727 1261 2803 aspargit
1287 2726 1441 2784 virus
1470 2725 1547 2784 ab
1572 2723 1765 2797 undis,

490 2827 860 2893 angustoque
889 2818 1037 2876 fretu
1066 2816 1337 2893 rapidum
1365 2834 1527 2874 mare
1555 2814 1763 2873 dividit
1789 2814 1962 2872 undis
2217 2833 2312 2879 720

493 2908 694 2966 Italiae
724 2918 1004 2966 terrarum
1031 2928 1160 2967 oras
1189 2928 1225 2967 a
1251 2907 1465 2966 finibus
1495 2907 1637 2964 eius,

493 2999 589 3056 hic
616 3008 710 3056 est
736 3009 900 3059 vasta
929 2998 1257 3076 Charybdis
1287 3008 1348 3056 et
1376 2996 1474 3055 hic
1504 2998 1769 3054 Aetnaea
1794 2996 2086 3053 minantur

494 3108 790 3148 murmura
817 3089 1178 3149 flammarum
1206 3109 1433 3148 rursum
1464 3107 1527 3146 se
1559 3086 1833 3162 colligere
1860 3086 1987 3155 iraS‚

493 3181 759 3240 faucibus
787 3192 1024 3257 eruptos
1052 3183 1261 3240 iterum
1286 3181 1372 3240 vis
1401 3189 1467 3237 ut
1494 3188 1694 3236 vomat
1721 3177 1869 3254 ignis

495 3270 572 3330 ad
599 3272 948 3347 caelumque
976 3273 1121 3331 ferat
1149 3272 1403 3330 flammai
1434 3271 1656 3348 fulgura
1684 3288 1926 3328 rursum.
2219 3287 2309 3337 725

497 3381 645 3437 quae
676 3381 816 3421 cum
845 3382 1058 3439 magna
1079 3365 1270 3422 modis
1300 3365 1493 3422 multis
1524 3361 1791 3421 miranda
1814 3357 2044 3420 videtur

497 3453 765 3528 gentibus
793 3453 1062 3512 humanis
1090 3456 1250 3530 regio
1278 3455 1637 3529 visendaque
1667 3455 1859 3526 fertur,

497 3543 666 3602 rebus
695 3545 897 3620 opima
920 3543 1107 3618 bonis,
1137 3547 1318 3604 multa
1345 3547 1569 3604 munita
1594 3545 1780 3602 virum
1804 3542 1881 3610 vi,
