2784 3992
518 336 627 409 11.]
995 338 1107 391 DE
1158 338 1454 392 RERUM
1509 339 1857 393 NATURA

512 501 803 560 cernimus
829 500 1073 559 alituum
1099 500 1429 575 vermisque
1459 500 1755 573 effervere,
1786 510 1996 560 terram

512 590 949 666 intempestivos
976 610 1159 667 quom
1186 600 1364 666 putor
1389 592 1551 666 cepit
1577 592 1660 650 ob
1685 593 1904 664 imbriS,

510 682 658 739 scire
684 682 821 741 licet
846 682 1007 758 gigni
1032 700 1206 757 posse
1235 700 1311 739 ex
1336 700 1460 740 non
1491 682 1746 740 sensibu'
1776 700 1996 741 sensus.

591 770 775 846 Quod
800 772 850 830 si
876 773 1024 830 forte
1052 772 1257 847 aliquis
1286 771 1450 830 dicet
1477 770 1782 829 dumtaxat
1809 773 1945 831 oriri

509 880 683 937 posse
709 881 748 921 a
772 880 896 921 non
923 880 1097 921 sensu
1126 880 1365 920 sensum
1392 862 1795 934 mutabilitate,

510 962 609 1012 aut
634 953 832 1028 aliquo
858 962 1160 1028 tamquam
1185 962 1355 1030 partu
1384 951 1552 1027 quod
1578 951 1846 1027 proditus
1875 963 2051 1025 extet,

510 1043 648 1101 huic
673 1044 810 1103 satis
836 1042 981 1103 illud
1009 1044 1117 1102 erit
1141 1043 1384 1118 planum
1412 1044 1605 1101 facere
1634 1053 1810 1117 atque
1838 1045 2088 1119 probare

510 1130 783 1193 non'fieri
808 1143 1043 1210 parturn
1070 1134 1184 1193 nisi
1212 1134 1469 1193 concilio
1497 1143 1634 1192 ante
1665 1145 1876 1193 coacto

509 1243 623 1283 nec
649 1243 969 1301 quicquam
995 1226 1347 1284 commutari
1374 1226 1500 1283 sine
1528 1225 1861 1283 conciliatu.

509 1315 797 1391 principio
824 1326 1130 1392 nequeunt
1154 1316 1325 1375 ullius
1353 1315 1614 1391 corporis
1643 1334 1770 1373 esse

509 1425 712 1466 sensus
738 1416 874 1465 ante
900 1408 1089 1483 ipsam
1118 1408 1378 1483 genitam
1407 1415 1673 1464 naturam
1701 1407 2029 1478 animantiS,

508 1498 781 1556 nimirum
807 1498 948 1573 quia
972 1498 1245 1556 materies
1274 1496 1522 1555 disiecta
1546 1506 1780 1555 tenetur

508 1589 642 1645 aere
670 1588 1003 1647 fluminibus
1029 1588 1193 1646 terris
1221 1597 1491 1662 terraque
1520 1588 1746 1660 creatiS,

508 1696 622 1736 nec
648 1697 965 1755 congressa
990 1677 1177 1737 modo
1204 1678 1388 1737 vitalis
1418 1678 1798 1737 convenienti

510 1770 754 1827 contulit
780 1769 933 1828 inter
958 1788 1023 1829 se
1051 1778 1266 1842 motuS,
1297 1770 1513 1846 quibus
1541 1770 1937 1845 omnituentes

460 1892 468 1899 ·
508 1860 743 1919 accensi
768 1879 973 1920 sensus
1000 1860 1299 1919 animante
1329 1861 1391 1918 in
1420 1878 1658 1935 quaque
1689 1861 1933 1918 cientur.

590 1952 895 2010 Praeterea
921 1951 1187 2027 quamvis
1214 1952 1574 2009 animantem
1601 1950 1878 2027 grandior
1905 1951 2071 2015 ictus,

510 2060 687 2117 quam
712 2043 929 2119 patitur
952 2052 1177 2114 natura,
1206 2052 1450 2117 repente
1480 2041 1701 2118 adfligit
1730 2051 1790 2099 et
1811 2042 2000 2099 omnis

509 2134 769 2209 corporis
795 2142 973 2208 atque
1002 2134 1184 2191 animi
1211 2134 1402 2208 pergit
1428 2132 1791 2190 confundere
1821 2150 2044 2191 sensuS.

509 2223 906 2283 dissoluuntur
931 2224 1091 2282 enim
1118 2225 1412 2299 positurae
1441 2223 1867 2298 principiorum

511 2324 570 2373 et
594 2315 831 2390 penitus
858 2324 1054 2373 motus
1081 2314 1287 2371 vitales
1315 2312 1712 2388 inpediuntur,

510 2404 706 2463 donec
732 2406 1021 2476 materieS,
1051 2406 1245 2463 omnis
1274 2422 1566 2462 concussa
1593 2421 1700 2478 per
1728 2413 1901 2476 artuS,

510 2496 693 2555 vitalis
720 2496 951 2554 animae
979 2494 1172 2553 nodos
1200 2513 1237 2553 a
1264 2513 1514 2570 corpore
1543 2494 1713 2553 solvit

512 2586 953 2663 dispersamque
982 2586 1135 2644 foras
1163 2603 1270 2660 per
1296 2585 1493 2642 caulas
1523 2584 1696 2642 eiecit
1725 2584 1933 2643 omnis.

510 2697 649 2737 narn
677 2677 824 2754 quid
851 2686 1152 2752 praeterea
1179 2676 1371 2734 facere
1400 2676 1583 2733 ictum
1612 2692 1785 2748 posse
1807 2693 2038 2733 reamur

514 2770 792 2840 oblatum,
822 2767 933 2826 nisi
961 2767 1253 2826 discutere
1282 2784 1353 2823 ac
1383 2765 1700 2824 dissolvere
1730 2783 1999 2841 quaeque
2015 2767 2044 2824 Ρ

513 2860 576 2918 fit
604 2877 845 2936 quoque
875 2859 959 2917 uti
989 2859 1215 2917 soleant
1242 2858 1436 2915 minus
1464 2856 1663 2915 oblato
1693 2856 1901 2914 acriter
1928 2857 2050 2915 ictu

512 2951 717 3027 reliqiii
744 2960 940 3009 motus
967 2950 1153 3007 vitalis
1180 2950 1418 3007 vincere
1447 2965 1645 3022 saepe,

513 3042 764 3113 vincere,
796 3050 855 3099 et
883 3040 1131 3115 ingentis
1160 3040 1364 3115 plagae
1395 3038 1600 3097 sedare
1633 3037 1912 3095 tumultus

514 3133 691 3208 inque
720 3149 859 3190 suos
888 3129 1170 3206 quicquid
1198 3149 1389 3188 rursus
1421 3146 1695 3186 revocare
1725 3136 1951 3185 meatus

515 3233 573 3282 et
600 3222 765 3297 quasi
795 3223 911 3280 iam
942 3221 1041 3278 leti
1070 3220 1475 3278 dominantem
1505 3222 1565 3278 in
1594 3237 1842 3295 corpore
1871 3228 2100 3277 motum

516 3312 806 3372 discutere
836 3330 907 3370 ac
937 3329 1125 3386 paene
1156 3312 1400 3368 amissos
1431 3309 1757 3368 accendere
1787 3328 2008 3368 sensus.

514 3422 651 3461 nam
680 3422 799 3479 qua
823 3420 886 3460 re
914 3402 1109 3477 potius
1138 3401 1236 3458 leti
1264 3402 1381 3458 iam
1410 3402 1608 3457 limine
1638 3401 1713 3457 ab
1744 3401 1872 3475 ipso

518 3494 592 3551 ad
620 3495 799 3553 vitam
824 3492 1014 3569 possit
1040 3492 1311 3549 conlecta
1340 3500 1536 3548 mente
1565 3492 1792 3561 reverti,

519 3604 695 3659 quarn
721 3603 843 3658 quo
874 3582 1185 3641 decursum
1214 3600 1400 3657 prope
1431 3582 1546 3637 iarn
1571 3582 1678 3637 siet
1708 3582 1788 3636 ire
1818 3589 1877 3637 et
1904 3580 2106 3636 abire?

2237 327 2315 389 61

2226 704 2326 756 930

2227 1154 2322 1207 935

2226 1609 2326 1661 940

2228 2060 2324 2116 945

2231 2966 2327 3019 955
