2784 3992
500 290 570 360 1.]
981 290 1090 341 DE
1141 290 1434 342 RERUM
1493 268 1831 344 NATURA
2230 294 2312 359 29

495 468 571 507 an
600 449 914 525 prohibere
943 448 1161 525 aliquid
1188 468 1393 508 censes
1424 450 1770 525 obstareque
1801 469 1975 526 posse
1991 453 2020 511 ?

494 541 835 599 alterutrum
862 540 1089 599 fatearis
1118 541 1277 598 enim
1305 560 1616 615 sumasque
1647 552 1959 600 necessest.

498 650 753 705 quorum
781 640 1091 705 utrumque
1120 631 1225 690 tibi
1252 632 1527 706 effugium
1557 632 1881 707 praecludit
1907 642 1968 691 et
1995 651 2170 691 omne
2211 652 2306 707 975
2365 700 2370 705 ,

497 722 659 797 cogit
685 731 751 779 ut
778 732 1054 796 exempta
1082 721 1377 779 concedas
1407 722 1522 779 fine
1551 732 1770 797 patere.

498 831 636 870 nam
664 812 784 870 sive
813 821 902 870 est
928 812 1131 887 aliquit
1159 811 1322 886 quod
1352 813 1601 887 probeat
1628 813 1961 888 officiatque

498 903 803 977 quominu’
833 922 954 977 quo
982 903 1223 961 missum
1254 912 1342 961 est
1366 903 1566 961 veniat
1593 904 1809 978 finique
1839 904 1994 962 locet
2022 923 2105 979 se,

498 994 619 1051 sive
648 993 800 1052 foras
829 993 1023 1064 fertur,
1054 1010 1177 1051 non
1204 1003 1293 1051 est
1320 1013 1355 1051 a
1381 995 1500 1051 fine
1529 995 1874 1069 profectum.

498 1084 617 1141 hoc
643 1093 819 1159 pacto
850 1102 1062 1159 sequar
1089 1093 1284 1159 atque,
1317 1103 1448 1142 oras
1476 1084 1832 1159 ubicumque
1861 1085 2068 1144 locaris
2214 1094 2312 1158 980

498 1184 805 1246 extrema5‚
836 1194 1113 1249 quaeram
1142 1174 1284 1249 quid
1314 1175 1432 1263 τεο-ἔρ
1462 1174 1716 1249 denique
1747 1176 1866 1234 fiat.

497 1266 601 1324 fiet
628 1266 713 1324 uti
741 1285 1031 1340 nusquam
1060 1265 1244 1341 possit
1271 1267 1591 1323 consistere
1623 1265 1754 1323 finis

499 1357 894 1432 effugiumque
925 1356 1095 1431 fugae
1126 1356 1375 1432 prolatet
1404 1356 1577 1431 copia
1605 1375 1852 1432 semper.

496 1456 798 1523 postremo
826 1456 960 1505 ante
991 1448 1197 1505 oculos
1225 1465 1319 1504 res
1348 1465 1472 1504 rem
1503 1447 1668 1504 finire
1698 1447 1963 1521 videtur3

496 1538 598 1596 aer
624 1538 902 1613 dissaepit
930 1537 1093 1596 collis
1122 1547 1299 1612 atque
1329 1538 1466 1595 aera
1493 1547 1744 1608 montes,
2213 1547 2308 1613 985

495 1638 649 1688 terra
676 1647 832 1686 mare
862 1638 921 1686 et
947 1638 1155 1687 contra
1182 1647 1341 1686 mare
1370 1638 1550 1686 terras
1578 1629 1851 1686 terminat
1878 1629 2106 1703 omnis;

497 1737 676 1777 omne
707 1718 949 1793 quidem
975 1737 1117 1777 vero
1146 1720 1227 1779 nil
1249 1728 1338 1777 est
1366 1718 1526 1793 quod
1559 1719 1721 1776 finiat
1750 1729 1922 1777 extra.

444 1804 502 1815 “”
531 1804 553 1809 “
582 1812 890 1867 Praeterea
917 1811 1169 1884 spatium
1199 1810 1448 1867 summai
1476 1809 1652 1866 totius
1680 1828 1858 1867 omne

496 1900 762 1974 undique
792 1900 839 1957 si
867 1900 1157 1957 inclusum
1186 1900 1357 1958 certis
1386 1900 1704 1957 consistere
1734 1900 1848 1958 oris

495 1992 845 2065 finitumque
875 1991 1041 2063 foret,
1071 1991 1185 2048 iam
1217 1991 1389 2065 copia
1417 1991 1674 2048 materiai
2213 2012 2311 2064 990

494 2082 761 2156 undique
791 2081 1149 2156 ponderibus
1177 2081 1374 2139 solidis
1404 2081 1698 2139 confluxet
1725 2081 1802 2139 ad
1829 2082 2012 2139 imum

495 2192 611 2231 nec
638 2191 732 2230 res
759 2172 874 2229 ulla
900 2172 1021 2247 geri
1042 2173 1151 2230 sub
1179 2172 1325 2229 caeli
1354 2172 1609 2247 tegmine
1639 2181 1837 2247 posset

495 2282 611 2321 nec
638 2263 790 2321 foret
817 2262 1063 2320 omnino
1092 2262 1319 2319 caelum
1347 2280 1542 2336 neque
1572 2262 1792 2319 lumina
1821 2262 1973 2334 soliS‚

496 2355 720 2429 quippe
750 2354 850 2411 ubi
878 2353 1149 2411 materies
1178 2353 1367 2411 omnis
1399 2353 1693 2410 cumulata
1721 2353 1934 2411 iaceret

497 2464 573 2503 ex
600 2445 829 2503 infinito
858 2444 975 2501 iam
1004 2453 1269 2518 tempore
1299 2443 1678 2501 subsidendO.
2215 2463 2308 2517 995

496 2545 556 2594 at
583 2554 745 2593 nunc
774 2535 1047 2592 nimirum
1077 2534 1309 2610 requies
1338 2534 1479 2592 data
1505 2534 1920 2609 principiorum

498 2627 843 2703 corporibus
873 2627 1101 2698 nullast,
1134 2626 1272 2701 quia
1300 2625 1379 2683 nil
1410 2634 1498 2683 est
1527 2624 1782 2682 funditus
1813 2626 1991 2681 imum

499 2738 619 2793 quo
651 2717 818 2792 quasi
848 2717 1143 2775 confluere
1176 2726 1235 2775 et
1264 2716 1436 2775 sedes
1468 2715 1568 2773 ubi
1598 2734 1820 2790 ponere
1850 2716 2091 2789 possint.

500 2827 736 2883 semper
762 2809 823 2866 in
852 2807 1101 2866 adsiduo
1131 2818 1295 2867 motu
1323 2828 1416 2866 res
1447 2824 1716 2882 quaeque
1747 2816 2018 2881 geruntur

499 2900 759 2975 partibus
788 2918 821 2955 e
852 2899 1078 2957 cunctis
1108 2900 1449 2973 infernaque
1482 2897 1930 2973 suppeditantur
2189 2918 2314 2953 1000

502 3009 575 3047 ex
602 2990 833 3047 infinito
851 2990 968 3047 cita
997 3007 1247 3064 corpora
1278 2991 1553 3047 materiai.

503 3090 590 3138 est
619 3080 791 3155 igitur
818 3089 1022 3137 natura
1048 3080 1164 3138 loci
1193 3082 1564 3155 spatiumque
1593 3078 1886 3155 profundi,

504 3170 667 3245 quod
696 3189 890 3244 neque
919 3171 1073 3227 clara
1100 3190 1207 3228 suo
1238 3190 1571 3244 percurrere
1604 3171 1845 3227 fulmina
1874 3188 2044 3228 cursu

504 3270 790 3337 perpetuo
820 3261 1045 3335 possint
1074 3262 1201 3318 aevi
1230 3261 1484 3318 labentia
1512 3270 1694 3318 tractu

505 3370 618 3409 nec
644 3370 912 3427 prorsum
939 3351 1129 3408 facere
1158 3361 1223 3409 ut
1250 3360 1428 3409 restet
1457 3352 1646 3407 minus
1677 3352 1756 3409 ire
1787 3349 2079 3409 meando:
2192 3368 2314 3421 1005

506 3461 691 3517 usque
714 3442 869 3500 adeo
896 3442 1112 3516 passim
1143 3450 1303 3516 patet
1332 3443 1538 3515 ingens
1567 3443 1740 3516 copia
1766 3443 1940 3499 rebus

508 3533 719 3591 finibus
750 3534 1036 3607 exemptis
1065 3534 1126 3590 in
1155 3542 1395 3589 cunctas
1428 3531 1687 3604 undique
1719 3534 1916 3605 partis.
