2784 3992
448 326 545 397 V.]
919 330 1029 382 DE
1081 330 1377 386 RERUM
1433 332 1776 385 NATURA
2139 338 2162 383 Ι
2176 334 2256 402 77

444 507 581 547 cum
608 492 811 550 satiate
843 492 960 549 cibi
980 513 997 565 ;
1040 511 1178 550 nam
1208 504 1331 551 tum
1362 494 1511 552 haec
1538 504 1674 553 sunt
1701 496 1898 554 omnia
1923 496 2108 555 cordi.

442 597 619 655 saepe
648 581 845 656 itaque
875 582 1024 640 inter
1050 602 1113 641 se
1143 584 1411 659 prostrati
1440 584 1497 641 in
1528 586 1787 660 gramine
1817 588 1976 645 molli

441 680 680 746 propter
705 690 895 747 aquae
922 673 1108 731 rivom
1137 676 1246 733 sub
1273 676 1447 732 ramis
1476 676 1694 733 arboris
1723 676 1872 733 altae

440 778 563 819 non
590 763 819 838 magnis
845 764 1057 837 opibus
1086 764 1343 822 iucunde
1374 783 1624 839 corpora
1651 765 1964 839 habebant,

438 853 777 926 praesertim
804 870 944 911 cum
971 863 1290 929 tempestas
1316 854 1546 913 ridebat
1576 865 1636 913 et
1663 857 1803 914 anni
2131 877 2254 931 1395

440 951 707 1020 tempora
730 943 1051 1019 pingebant
1078 945 1377 1003 viridantis
1407 945 1643 1004 floribus
1673 946 1900 1006 herbas.

438 1042 563 1091 tum
591 1032 740 1107 ioca,
771 1043 897 1092 tum
926 1052 1138 1105 sermo,
1169 1044 1293 1093 tum
1324 1034 1528 1093 dulces
1557 1054 1684 1094 esse
1715 1037 1988 1096 cachinni

438 1133 804 1183 consuerant.
834 1125 1075 1200 agrestis
1102 1126 1260 1183 enim
1290 1135 1417 1183 tum
1445 1145 1613 1184 musa
1639 1127 1870 1202 vigebat
1890 1149 1907 1200 3

438 1223 560 1272 tum
589 1223 767 1290 caput
794 1223 971 1290 atque
999 1234 1233 1275 umeros
1260 1216 1447 1291 plexis
1472 1216 1743 1276 redimire
1774 1218 2005 1277 coronis

438 1303 671 1363 floribus
700 1314 761 1363 et
787 1305 937 1363 foliis
967 1306 1201 1364 lascivia
1227 1306 1380 1365 laeta
1407 1308 1705 1380 monebat,
2132 1332 2256 1377 1400

436 1405 610 1470 atque
640 1405 801 1453 extra
827 1414 1137 1455 numerum
1166 1396 1492 1472 procedere
1523 1398 1788 1456 membra
1815 1409 2122 1459 moventes

437 1484 653 1543 duriter
680 1495 738 1543 et
766 1485 914 1544 duro
944 1497 1150 1545 terram
1180 1486 1338 1562 pede
1365 1488 1580 1564 pellere
1609 1498 1855 1547 matrem
1875 1510 1892 1562 3

435 1576 594 1634 unde
623 1577 958 1636 oriebantur
984 1577 1128 1635 risus
1156 1577 1478 1654 dulcesque
1507 1578 1798 1652 cachinni,

436 1667 637 1725 omnia
665 1667 829 1742 quod
858 1685 1010 1726 nova
1036 1677 1163 1725 tum
1192 1670 1376 1744 magis
1406 1669 1554 1727 haec
1583 1679 1645 1727 et
1672 1671 1816 1728 mira
1843 1670 2133 1747 vigebant.

437 1767 495 1815 et
520 1758 883 1833 vigilantibus
913 1758 1052 1816 hinc
1081 1757 1325 1817 aderant
1353 1760 1570 1818 solacia
1597 1761 1808 1834 somni,
2123 1782 2243 1834 1405

436 1847 653 1906 ducere
681 1848 1043 1907 multimodis
1070 1867 1247 1908 voces
1277 1860 1335 1908 et
1364 1850 1600 1909 flectere
1629 1861 1836 1910 cantus

436 1948 493 1997 et
521 1957 731 2016 supera
760 1939 1017 1998 calamos
1046 1957 1205 1998 unco
1233 1958 1569 2015 percurrere
1599 1940 1762 2001 labro
1783 1962 1803 2016 ;

434 2030 592 2088 unde
622 2030 797 2089 etiam
827 2031 1029 2107 vigiles
1056 2048 1216 2088 nunc
1247 2032 1393 2089 haec
1425 2042 1672 2107 accepta
1699 2041 1936 2092 tuentur

435 2131 493 2179 et
521 2139 829 2178 numerum
860 2140 1085 2179 servare
1112 2140 1320 2180 recens
1349 2122 1631 2196 didicere,
1663 2142 1858 2199 neque
1888 2124 2009 2183 hilo

434 2212 715 2270 maiorem
743 2212 964 2270 interea
991 2212 1231 2287 capiunt
1260 2212 1578 2271 dulcedini'
1609 2215 1859 2274 fructum
2125 2236 2252 2282 1410

433 2321 609 2377 quam
640 2303 892 2361 silvestre
921 2321 1107 2378 genus
1136 2304 1407 2378 capiebat
1435 2305 1869 2380 terrigenarum.

432 2412 568 2451 nam
602 2392 768 2468 quod
794 2392 963 2451 adest
988 2402 1240 2469 praesto,
1272 2395 1381 2451 nisi
1412 2396 1555 2470 quid
1586 2398 1970 2471 cognovimus
1999 2406 2132 2455 ante

433 2486 679 2556 suaviuS,
710 2485 770 2542 in
798 2485 997 2560 primis
1025 2484 1221 2561 placet
1249 2495 1309 2543 et
1335 2486 1559 2560 pollere
1589 2486 1832 2560 videtur,

430 2576 836 2651 posteriorque
866 2576 983 2634 fere
1014 2575 1219 2633 melior
1244 2594 1335 2633 res
1364 2576 1460 2634 illa
1485 2586 1718 2652 reperta

431 2665 623 2741 perdit
651 2675 711 2723 et
738 2666 1006 2724 immutat
1036 2684 1240 2725 sensus
1268 2664 1346 2724 ad
1372 2667 1616 2742 pristina
1643 2685 1935 2743 quaeque.
2125 2658 2270 2739 1415·

432 2757 515 2813 sic
546 2755 750 2814 odium
780 2758 978 2832 coepit
1006 2756 1251 2832 glandiS,
1284 2757 1367 2815 sic
1397 2757 1492 2815 illa
1517 2757 1714 2817 relicta

432 2856 608 2905 strata
636 2846 849 2904 cubilia
877 2855 1011 2905 sunt
1041 2847 1234 2906 herbis
1264 2858 1324 2907 et
1352 2847 1653 2906 frondibus
1682 2857 1870 2908 aucta.

432 2937 596 3012 pellis
628 2936 768 2994 item
799 2937 1015 2995 cecidit
1044 2939 1217 2997 vestis
1248 2947 1590 3014 contempta
1617 2940 1835 2997 ferinae
1856 2960 1873 3012 ;

433 3046 611 3102 quam
642 3046 775 3085 reor
804 3028 1020 3085 invidia
1048 3028 1147 3086 tali
1176 3038 1316 3086 tunc
1348 3048 1477 3087 esse
1506 3040 1818 3105 repertam,

432 3127 497 3177 ut
522 3118 705 3177 letum
734 3118 954 3177 insidiis
984 3119 1086 3194 qui
1112 3120 1289 3194 gessit
1315 3119 1539 3194 primus
1568 3121 1774 3192 obiret,
2123 3140 2248 3187 1420

433 3217 492 3266 et
518 3218 717 3266 tamen
746 3209 894 3266 inter
923 3228 1025 3267 eos
1053 3208 1387 3267 distractam
1418 3212 1699 3285 sanguine
1729 3210 1912 3269 multo

434 3298 761 3379 disperiisse
792 3317 985 3375 neque
1016 3302 1072 3358 in
1103 3301 1351 3357 fructum
1382 3311 1721 3359 convertere
1753 3302 1962 3376 quisse.

434 3398 572 3447 tunc
602 3390 775 3466 igitur
800 3390 999 3465 pelles,
1030 3409 1186 3449 nunc
1215 3409 1421 3448 aurum
1452 3399 1511 3447 et
1539 3409 1794 3465 purpura
1821 3392 1974 3450 curis

438 3490 709 3539 exercent
738 3481 1039 3539 hominurn
1071 3481 1247 3539 vitam
1278 3481 1548 3555 belloque
1578 3482 1818 3556 fatigant
1837 3502 1857 3555 3

438 3588 555 3646 quo
584 3572 767 3651 magis
796 3573 851 3628 in
885 3573 1071 3644 nobiS,
1100 3582 1164 3631 ut
1191 3573 1418 3648 opinor,
1448 3572 1621 3646 culpa
1647 3570 1878 3629 resedit.
2121 3586 2244 3639 ¹425

1310 3678 1365 3712 12
