2784 3992
466 250 554 315 70
1128 250 1600 306 LUCRETIUS
2121 248 2268 321 [111.

463 412 720 488 denique
748 413 1009 473 avarities
1038 423 1095 471 et
1124 412 1413 471 honorum
1442 432 1623 472 caeca
1649 411 1868 488 cupido

461 521 613 579 quae
641 503 883 563 miseros
912 504 1179 563 homines
1207 514 1429 580 cogunt
1456 503 1868 563 transcendere
1897 504 2044 562 fines
2203 510 2270 562 60

460 596 594 653 iuris
622 606 682 654 et
710 595 1002 653 interdum
1031 596 1223 653 socios
1252 596 1538 653 scelerum
1566 606 1741 670 atque
1771 595 2063 656 ministros

459 696 664 744 noctes
692 697 868 761 atque
899 685 1025 744 dies
1055 686 1158 743 niti
1186 695 1514 761 praestante
1543 685 1741 744 labore
1835 684 1842 689 ’

458 775 535 833 ad
562 795 817 835 summas
848 794 1143 851 emergere
1173 784 1336 850 op'eS‚
1368 776 1516 833 haec
1542 776 1783 833 vulnera
1807 776 1959 833 vitae

456 885 578 925 non
609 868 908 925 minimam
938 877 1164 943 partem
1194 868 1395 925 mortis
1425 866 1733 953 formidine
1763 867 2005 924 aluntur.
2045 900 2048 903 ·

456 958 637 1033 turpis
667 958 823 1015 enim
852 959 1032 1015 ferme
1064 968 1439 1032 contemptus
1469 967 1528 1015 et
1555 958 1702 1015 acris
1731 966 1957 1033 egestas
2199 965 2260 1029 65

454 1058 683 1107 semota
707 1050 784 1107 ab
812 1048 968 1106 dulci
997 1050 1113 1106 vita
1142 1048 1448 1123 stabilique
1475 1048 1748 1106 videntur

454 1149 513 1197 et
541 1139 707 1215 quasi
734 1140 852 1197 iam
878 1140 979 1197 leti
1008 1149 1201 1215 portas
1232 1140 1557 1197 cunctarier
1583 1148 1720 1198 ante
1740 1158 1762 1213 3

453 1228 611 1289 unde
642 1229 908 1289 homines
939 1230 1081 1288 dum
1110 1249 1173 1288 se
1202 1230 1347 1288 falso
1375 1240 1592 1288 terrore
1622 1230 1816 1289 coacti

1400 1300 1545 1317 m

450 1321 717 1397 effugisse
748 1322 948 1379 volunt
974 1322 1147 1397 longe
1176 1321 1469 1397 longeque
1500 1339 1778 1393 remosse‚

449 1412 727 1488 sanguine
757 1412 909 1469 civili
934 1430 1058 1470 rem
1086 1412 1345 1470 conflant
1372 1411 1717 1487 divitiasque
2197 1432 2260 1480 70

448 1502 867 1579 conduplicant
896 1502 1068 1575 avidi,
1099 1502 1349 1561 caedem
1378 1502 1565 1563 caede
1593 1502 2028 1567 accumulantes
2051 1522 2069 1573 3

447 1592 712 1651 crudeles
740 1592 999 1668 gaudent
1024 1594 1086 1651 in
1113 1594 1257 1651 tristi
1285 1594 1487 1651 funere
1516 1594 1698 1651 fratris

446 1692 505 1740 et
534 1684 1033 1759 consanguineum
1062 1702 1295 1743 mensas
1324 1683 1506 1743 odere
1535 1684 1878 1766 timentque.

445 1774 733 1831 consimili
760 1774 984 1832 ratione
1013 1775 1089 1833 ab
1116 1774 1333 1833 eodem
1362 1792 1542 1849 saepe
1571 1774 1779 1832 timore

443 1873 699 1922 macerat
726 1864 961 1923 invidia.
1006 1874 1143 1923 ante
1172 1865 1379 1923 oculos
1408 1865 1568 1922 illum
1597 1882 1726 1923 esse
1753 1873 2076 1940 potentem,
2191 1884 2251 1937 75

442 1954 602 2012 illum
632 1955 933 2030 aspectari,
964 1954 1122 2013 claro
1151 1956 1254 2031 qui
1283 1954 1505 2014 incedit
1527 1954 1769 2028 honore,

441 2044 549 2120 ipsi
578 2064 641 2104 se
670 2046 730 2103 in
758 2045 1011 2105 tenebris
1037 2046 1189 2104 volvi
1219 2064 1527 2122 caenoque
1556 2055 1892 2121 queruntur.

441 2136 733 2194 intereunt
760 2136 970 2211 partim
1000 2145 1318 2195 statuarum
1348 2146 1408 2195 et
1435 2137 1690 2196 nominis
1719 2155 1877 2213 ergo·

439 2235 497 2283 et
517 2245 701 2303 ⁴saepe
729 2245 914 2302 usque
943 2227 1116 2299 ade0,
1147 2228 1351 2286 mortis
1379 2227 1710 2301 formidine,
1739 2228 1892 2287 vitae

438 2318 686 2393 percipit
712 2317 999 2375 humanos
1027 2317 1235 2376 odium
1262 2318 1526 2393 lucisque
1555 2317 1866 2392 videndae,
2183 2327 2252 2376 80

435 2416 499 2463 ut
528 2408 635 2466 sibi
664 2408 1034 2466 consciscant
1061 2408 1346 2466 maerenti
1372 2417 1616 2483 pectore
1645 2408 1828 2468 letum

435 2496 599 2555 obliti
626 2499 849 2556 fontem
878 2517 1147 2557 curarum
1177 2498 1334 2556 hunc
1362 2517 1491 2557 esse
1519 2499 1811 2573 timorem,

434 2587 593 2646 hunc
619 2607 829 2647 vexare
856 2587 1170 2664 pudorem,
1200 2589 1361 2648 hunc
1388 2590 1622 2648 vincula
1649 2588 1928 2649 amicitiai

433 2696 702 2754 rumpere
730 2689 790 2738 et
818 2680 878 2737 in
906 2698 1137 2737 summa
1162 2680 1444 2754 pietatem
1474 2689 1732 2739 evertere
1761 2678 2010 2753 suadet3

432 2788 568 2829 nam
598 2771 713 2828 iam
742 2787 919 2845 saepe
949 2770 1220 2829 homines
1247 2771 1494 2845 patriam
1521 2788 1807 2846 carosque
1833 2770 2090 2847 parentis
2179 2777 2245 2843 85

432 2860 837 2935 prodiderunt,
865 2861 1043 2917 vitare
1072 2860 1395 2918 Acherusia
1423 2860 1643 2935 templa
1667 2870 1956 2935 petentes·

431 2970 569 3008 nam
596 2951 773 3009 veluti
801 2950 965 3026 pueri
994 2949 1289 3045 trepidant
1316 2959 1494 3024 atque
1523 2950 1722 3007 omnia
1748 2950 1942 3008 caecis

431 3042 489 3099 in
518 3042 769 3100 tenebris
798 3049 1085 3125 met-Qut,
1117 3041 1201 3098 sic
1230 3058 1340 3098 nos
1369 3041 1432 3097 in
1460 3040 1590 3097 luce
1619 3040 1892 3128 tianuS

430 3130 742 3205 interdum,
772 3132 892 3189 nilo
921 3149 1071 3206 quae
1102 3139 1238 3189 sunt
1264 3129 1585 3213 metuenda
1611 3130 1794 3205 magis
1823 3145 1999 3205 quam

430 3240 581 3297 quae
610 3222 775 3297 pueri
802 3222 863 3279 in
890 3222 1145 3280 tenebris
1172 3199 1431 3305 pagi-taff
1458 3221 1802 3296 finguntque
1831 3221 2035 3278 futura.
2175 3244 2247 3296 90

430 3312 586 3369 hunc
615 3313 784 3387 igitur
810 3322 1091 3370 terrorem
1118 3312 1299 3370 animi
1326 3312 1713 3385 tenebrasque
1743 3320 2040 3369 necessest

429 3420 550 3459 non
577 3402 722 3460 radii
749 3402 885 3460 solis
914 3420 1107 3477 neque
1137 3400 1332 3459 lucida
1358 3402 1474 3459 tela
1501 3401 1618 3459 diei

432 3491 758 3564 discutiant,
792 3493 897 3551 sed
926 3502 1164 3550 naturae
1194 3493 1422 3567 species
1451 3493 1735 3567 ratioque.
