2784 3992
474 287 512 352 8
1111 297 1573 354 LUCRETms
1620 341 1623 344 .

473 464 806 535 conficeret,
841 463 948 520 nisi
978 463 1244 520 materies
1272 471 1509 520 aeterna
1536 471 1779 534 teneret,

473 555 620 612 inter
649 572 709 612 se
740 572 892 610 nexu
922 554 1111 612 minus
1141 563 1240 611 aut
1269 555 1451 628 magis
1479 553 1825 628 indupedita
1844 574 1861 626 3

473 655 658 702 tactus
687 645 844 702 enim
873 644 972 701 leti
1001 645 1137 701 satis
1166 652 1318 701 esset
1345 663 1522 702 causa
1548 645 1833 719 profectO,

475 736 712 810 quippe,
742 735 844 792 ubi
872 735 1026 791 nulla
1053 736 1240 793 forent
1268 744 1506 793 aeterno
1536 752 1802 809 corpore,
1833 752 2083 808 quorum

474 835 814 883 contextum
843 825 928 882 vis
956 824 1200 883 deberet
1227 824 1542 883 dissolvere
1572 843 1859 900 quaeque.

475 926 532 973 at
561 935 736 988 nunC,
767 916 918 972 inter
944 934 1007 973 se
1037 917 1174 990 quia
1203 935 1386 973 nexus
1416 917 1833 990 principiorum

476 1006 781 1064 dissimiles
811 1016 1080 1064 constant
1107 1016 1460 1080 aeternaque
1489 1007 1757 1064 materies
1786 1015 1891 1078 est,

475 1097 755 1155 incolumi
782 1106 1086 1155 remanent
1113 1115 1204 1154 res
1234 1115 1499 1171 corpore,
1530 1096 1672 1153 dum
1701 1097 1836 1154 satis
1866 1097 2012 1154 acris

475 1189 560 1246 vis
590 1189 763 1246 obeat
791 1202 898 1262 pro
928 1197 1154 1245 textura
1181 1189 1464 1262 cuiusque
1494 1197 1737 1262 reperta.

476 1278 633 1336 haud
663 1279 831 1352 igitur
857 1278 1008 1336 redit
1036 1278 1113 1336 ad
1141 1279 1322 1336 nilum
1349 1296 1443 1336 res
1470 1279 1602 1350 ulla,
1634 1277 1741 1336 sed
1769 1296 1975 1335 omnes

477 1369 724 1426 discidio
754 1369 1000 1426 redeunt
1029 1369 1088 1426 in
1117 1387 1366 1444 corpora
1393 1369 1671 1427 materiai.

476 1470 774 1535 postremo
803 1470 1050 1534 pereunt
1077 1460 1308 1532 imbreS‚
1339 1460 1439 1517 ubi
1469 1478 1572 1517 eos
1599 1469 1766 1535 pater
1793 1459 1994 1516 aether

477 1551 536 1606 in
563 1550 848 1624 gremium
876 1551 1071 1607 matris
1100 1551 1270 1608 terrai
1298 1550 1695 1624 praecipitavit
1715 1571 1733 1622 3

477 1649 536 1696 at
564 1639 781 1697 nitidae
812 1650 1050 1714 surgunt
1078 1641 1268 1714 fruges
1297 1641 1558 1714 ramique
1589 1641 1881 1697 virescunt

478 1730 793 1800 arboribuS‚
825 1740 1092 1787 crescunt
1122 1731 1280 1804 ipsae
1309 1731 1548 1804 fetuque
1578 1740 1922 1806 gravantur3

477 1820 613 1877 hinc
642 1821 808 1877 alitur
835 1839 1008 1895 porro
1037 1833 1298 1879 nostrum
1326 1840 1512 1896 genus
1540 1832 1715 1895 atque
1746 1821 2011 1893 ferarum,
2098 1847 2104 1852 ·

477 1911 612 1968 hinc
643 1911 818 1968 laetas
845 1912 1017 1969 urbes
1045 1912 1238 1986 pueris
1267 1912 1470 1969 florere
1500 1912 1766 1970 videmus

476 2001 932 2076 frondiferasque
961 2003 1126 2060 novis
1155 2003 1356 2060 avibus
1386 2020 1596 2060 canere
1626 2002 1887 2076 undique
1915 2001 2081 2060 silvas
2102 2023 2121 2074 ς

478 2092 614 2149 hinc
643 2093 827 2150 fessae
856 2091 1120 2167 pecudes
1148 2094 1349 2168 pingui
1377 2111 1482 2166 per
1511 2093 1723 2167 pabula
1749 2093 1901 2150 laeta

478 2201 723 2257 corpora
751 2181 1058 2256 deponunt
1085 2192 1143 2240 et
1171 2183 1433 2242 candens
1460 2184 1679 2241 lacteus
1709 2201 1877 2240 umor

479 2273 750 2331 uberibus
781 2283 976 2330 manat
1005 2273 1269 2332 distentis
1290 2295 1307 2346 3
1351 2274 1489 2331 hinc
1519 2292 1674 2331 nova
1699 2273 1891 2348 proles

477 2364 710 2421 artubus
740 2364 978 2421 infirmis
1007 2374 1236 2424 teneras
1265 2365 1477 2422 lasciva
1504 2382 1608 2438 per
1636 2364 1843 2422 herbas

476 2454 623 2512 ludit
647 2455 796 2511 lacte
827 2472 988 2511 mero
1017 2465 1244 2512 mentes
1271 2457 1539 2530 perculsa
1565 2454 1833 2512 novellas.

477 2543 635 2601 haud
664 2545 832 2619 igitur
857 2540 1088 2619 penitus
1119 2555 1366 2620 pereunt
1394 2563 1801 2620 quaecumque
1829 2543 2115 2614 videntur,

477 2635 714 2709 quando
744 2634 859 2692 alid
890 2653 964 2692 ex
991 2635 1102 2692 alio
1135 2637 1318 2694 reficit
1347 2646 1552 2694 natura
1578 2654 1689 2693 nec
1717 2637 1893 2693 ullam

475 2744 598 2782 rern
627 2725 786 2800 gigni
805 2726 1020 2800 patitur
1047 2727 1154 2784 nisi
1183 2737 1369 2784 morte
1400 2727 1600 2785 adiuta
1626 2728 1829 2784 aliena.

558 2817 614 2873 N
619 2835 735 2873 unc
764 2835 890 2891 age,
921 2835 1011 2874 res
1041 2818 1317 2891 quoniam
1348 2817 1526 2876 docui
1555 2836 1676 2874 non
1704 2835 1878 2892 posse
1907 2815 2088 2874 creari

476 2906 552 2963 de
581 2907 698 2964 nilo
727 2925 922 2981 neque
952 2907 1091 2965 item
1119 2909 1343 2982 genitas
1373 2907 1451 2966 ad
1473 2909 1558 2965 “nil
1585 2908 1863 2979 revocari,

475 3015 669 3072 nequa
696 2997 844 3056 forte
875 3007 1072 3055 tamen
1104 3006 1344 3073 coeptes
1374 2998 1638 3056 diffidere
1668 2997 1857 3070 dictis,

475 3087 637 3163 quod
666 3099 968 3162 nequeunt
997 3090 1178 3147 oculis
1204 3107 1397 3146 rerum
1427 3087 1743 3164 primordia
1770 3089 1947 3161 cerni,

475 3179 679 3253 accipe
708 3189 1009 3254 praeterea
1036 3198 1185 3254 quae
1217 3198 1466 3254 corpora
1494 3188 1615 3236 tute
1644 3188 1942 3237 necessest

476 3269 790 3327 confiteare
820 3288 948 3328 esse
978 3271 1037 3327 in
1064 3271 1235 3330 rebus
1264 3289 1376 3327 nec
1404 3288 1578 3344 posse
1606 3269 1809 3328 videri.

475 3359 766 3432 principio
795 3360 954 3416 venti
981 3360 1065 3416 vis
1092 3360 1356 3418 verberat
1385 3361 1563 3418 incita
1589 3369 1791 3435 portus

476 3448 842 3524 ingentisque
863 3450 976 3506 ruit
1001 3450 1162 3507 navis
1191 3460 1250 3508 et
1275 3451 1473 3508 nubila
1500 3450 1706 3523 differt,

479 3538 765 3596 interdum
795 3539 1002 3614 rapido
1030 3558 1370 3615 percurrens
1399 3543 1626 3600 turbine
1656 3559 1898 3616 campos

2204 298 2280 370 [1.

2190 575 2285 622 240

2192 1026 2282 1077 245

2195 1477 2291 1530 ²50

2195 1929 2289 1982 255

2196 2369 2292 2418 260

2195 2823 2288 2888 265

2194 3291 2290 3337 270
