2784 3992
506 321 652 393 111.]
961 322 1071 375 DE
1123 322 1417 375 RERUM
1472 325 1813 379 NATURA
2229 322 2305 392 75

501 481 681 539 mixta
705 498 940 557 vapore,
968 500 1152 558 vapor
1177 500 1352 558 porro
1380 483 1556 542 trahit
1580 485 1715 543 abra
1742 504 1961 546 secum.

499 590 612 631 nec
641 573 801 631 calor
827 583 915 631 est
942 574 1270 649 quisquam,
1300 574 1397 632 cui
1424 593 1547 633 non
1575 576 1647 633 sit
1675 576 1887 635 mixtus
1909 587 1968 635 et
1996 583 2129 651 aer3

499 682 625 721 rara
653 664 816 739 quod
846 665 968 722 eius
998 666 1154 722 enim
1187 674 1417 723 constat
1444 675 1669 740 natura,
1699 680 1998 727 necessest
2214 687 2307 743 ²35

500 754 645 811 a‘eris
673 755 822 811 inter
851 773 984 811 eum
1015 754 1334 829 primordia
1361 756 1543 813 multa
1570 756 1809 815 moveri.

497 844 614 901 iam
643 845 850 919 triplex
876 846 1055 902 animi
1085 853 1171 903 est
1200 846 1371 920 igitur
1398 855 1601 903 natura
1627 856 1895 921 reperta3

497 953 610 992 nec
638 945 834 993 tamen
863 935 1011 1009 haec
1039 946 1126 993 sat
1153 945 1287 993 sunt
1314 935 1390 993 ad
1421 955 1656 995 sensum
1685 946 1899 997 cuncta
1924 940 2261 1012 creandum,

497 1026 578 1082 nil
606 1025 813 1083 horum
843 1027 1123 1101 quoniam
1151 1027 1373 1101 recepit
1401 1045 1492 1085 res
1521 1045 1694 1103 posse
1726 1046 1922 1086 creare

498 1116 806 1199 sensiferos
835 1126 1028 1175 motus
1059 1126 1117 1175 et
1145 1118 1327 1175 homo
1357 1135 1510 1192 quae
1541 1127 1737 1176 mente
1767 1120 2006 1197 volutat.
2214 1143 2309 1190 240

498 1216 700 1281 quarta
727 1226 963 1282 quoque
995 1208 1082 1266 his
1110 1208 1279 1283 igitur
1307 1208 1599 1283 quaedam
1630 1219 1836 1267 natura
1860 1219 2159 1269 necessest

497 1297 854 1357 adtribuatur
873 1320 892 1372 3
935 1308 1058 1356 east
1087 1300 1330 1357 omnino
1359 1300 1614 1359 nominis
1644 1319 1853 1375 expers
1875 1321 1892 1373 3

497 1408 614 1464 qua
658 1407 850 1465 neque
898 1389 1168 1447 mobilius
1197 1390 1515 1465 quicquam
1544 1409 1737 1465 neque
1766 1391 1993 1449 tenvius
2022 1399 2227 1462 exstat,

495 1498 608 1538 nec
639 1480 821 1555 magis
851 1498 884 1537 e
913 1480 1101 1555 parvis
1131 1490 1188 1537 et
1216 1480 1439 1540 levibus
1470 1491 1557 1539 est
1587 1483 1889 1541 elementis
1911 1502 1928 1554 3

496 1571 804 1628 sensiferos
831 1574 1034 1628 motus'
1055 1588 1206 1644 quae
1235 1570 1385 1629 didit
1415 1572 1601 1646 prima
1628 1590 1735 1647 per
1762 1581 1935 1631 artus·
2217 1590 2307 1642 245

496 1662 682 1736 prima
709 1661 894 1719 cietur
921 1648 1096 1733 enim,
1125 1661 1313 1735 parvis
1341 1663 1602 1736 perfecta
1630 1663 1825 1737 figuris
1847 1683 1866 1735 3

495 1751 633 1810 inde
662 1752 822 1809 calor
849 1760 1042 1809 motus
1071 1762 1130 1809 et
1157 1752 1316 1810 venti
1345 1770 1525 1809 caeca
1552 1762 1811 1827 potestas

495 1842 727 1917 accipit,
759 1842 896 1900 inde
925 1842 1024 1900 aer
1043 1864 1060 1915 3
1104 1841 1244 1900 inde
1274 1843 1475 1900 omnia
1503 1844 1916 1916 mobilitantur,

495 1935 826 1992 concutitur
853 1934 1103 2008 sanguis,
1133 1942 1258 1991 tum
1285 1933 1509 1990 viscera
1537 1935 1965 2008 persentiscunt

496 2026 710 2097 omnia,
740 2025 1049 2100 postremis
1078 2024 1248 2081 datur
1275 2024 1502 2082 ossibus
1531 2033 1706 2099 atque
1736 2024 2005 2083 medullis
2211 2043 2309 2095 250

495 2117 612 2175 sive
641 2117 906 2191 voluptas
936 2124 1024 2173 est
1052 2115 1172 2173 sive
1201 2123 1290 2173 est
1316 2115 1638 2173 contrarius
1667 2114 1857 2173 ardor.

494 2225 608 2265 nec
635 2217 856 2265 temere
879 2206 994 2263 huc
1017 2205 1186 2264 dolor
1205 2224 1390 2281 usque
1414 2214 1609 2280 potest
1629 2215 1933 2280 penetrare
1957 2224 2151 2281 neque
2174 2224 2309 2265 acre

494 2316 834 2373 permanare
864 2297 1100 2369 malum,
1131 2296 1274 2371 quin
1301 2297 1502 2355 omnia
1530 2297 1939 2372 perturbentur

493 2407 680 2463 usque
709 2389 863 2448 adeo
892 2397 955 2446 ut
981 2388 1132 2445 vitae
1162 2386 1315 2445 desit
1341 2387 1507 2445 locus
1536 2396 1712 2461 atque
1742 2388 1958 2445 animai

495 2478 799 2555 diffugiant
825 2487 1018 2554 partes
1045 2496 1152 2553 per
1179 2478 1374 2536 caulas
1404 2478 1665 2552 corporis
1696 2479 1903 2537 omnis.
2212 2500 2238 2534 2
2242 2496 2269 2548 5
2276 2494 2305 2550 5

495 2570 602 2629 sed
631 2571 974 2645 plerumque
1004 2570 1069 2627 fit
1097 2569 1156 2626 in
1186 2587 1418 2626 summo
1448 2569 1614 2644 quasi
1643 2587 1891 2644 corpore
1920 2569 2051 2627 finis

495 2662 784 2720 motibus:
830 2661 983 2718 hanc
1012 2661 1092 2718 ob
1120 2678 1244 2717 rem
1273 2659 1451 2717 vitam
1481 2660 1728 2717 retinere
1758 2660 2036 2717 valemus.

577 2754 754 2809 Nunc
785 2770 855 2811 ea
882 2769 1001 2825 quo
1029 2759 1206 2826 pacto
1235 2750 1384 2807 inter
1413 2768 1540 2808 sese
1570 2750 1751 2807 mixta
1779 2750 2106 2825 quibusque

494 2853 734 2918 compta
761 2842 952 2900 modis
978 2842 1211 2916 vigeant
1237 2834 1525 2898 rationem
1554 2839 1801 2897 reddere
1833 2849 2104 2897 aventem

495 2932 770 2992 abstrahit
799 2932 1041 2989 invitum
1068 2931 1237 3006 patrii
1266 2931 1549 2988 sermonis
1579 2940 1804 3005 egestas
1826 2951 1843 3003 3
2213 2936 2311 2987 260

495 3023 603 3082 sed
631 3033 846 3095 tamen,
878 3031 941 3080 ut
967 3031 1195 3097 potere,
1220 3022 1569 3092 summatim,
1600 3022 1899 3095 attingere,
1931 3030 2185 3095 tangam.

497 3115 645 3172 inter
673 3114 830 3172 enim
859 3122 1091 3171 cursant
1118 3112 1437 3187 primordia
1465 3111 1884 3186 principiorum

497 3205 750 3263 motibus
779 3204 926 3262 inter
955 3222 1036 3275 se,
1068 3202 1149 3259 nil
1176 3211 1242 3260 ut
1269 3203 1561 3260 secernier
1590 3220 1770 3260 unum

497 3296 679 3371 possit
706 3313 819 3352 nec
847 3294 1034 3369 spatio
1064 3292 1186 3350 fieri
1215 3292 1399 3349 divisa
1427 3301 1703 3367 potestaS‚

497 3385 603 3445 sed
631 3386 797 3460 quasi
825 3386 1038 3442 multae
1069 3384 1152 3441 vis
1181 3384 1351 3441 unius
1384 3383 1647 3458 corporis
1678 3390 1896 3440 extant.
2201 3386 2301 3452 ,265

497 3476 661 3553 quod
688 3494 872 3552 genus
901 3476 959 3533 in
989 3474 1194 3549 quovis
1223 3474 1585 3532 animantum
1616 3473 1835 3531 viscere
1863 3472 2039 3548 volgo

498 3579 587 3628 est
613 3567 763 3627 odor
790 3577 849 3626 et
876 3566 1117 3642 quidam
1146 3567 1308 3625 color
1336 3577 1397 3623 et
1424 3584 1613 3640 sapor,
1644 3575 1703 3622 et
1732 3574 1929 3622 tamen
1958 3582 2031 3621 ex
2061 3564 2149 3621 his
