2784 3992
436 310 577 381 VLJ
919 312 1030 364 DE
1072 312 1375 366 RERUM
1431 312 1776 389 NATURA

434 492 703 549 quaeque
730 474 853 549 geri
888 474 1131 549 possint,
1162 474 1498 549 praesertim
1527 474 1698 533 rebus
1727 475 1786 531 in
1817 474 1924 534 illis

434 582 581 639 quae
612 584 823 640 supera
851 575 1027 639 caput
1056 565 1324 622 aetheriis
1354 575 1673 621 cernuntur
1704 566 1760 621 in
1791 566 1925 638 oris,

432 674 623 713 rursus
652 656 712 713 in
740 656 1008 731 antiquas
1036 656 1358 713 referuntur
1384 656 1674 729 religionis

433 755 492 802 et
520 745 795 804 dominos
825 746 973 821 acris
1002 745 1356 817 adsciscunt,
1386 746 1585 803 omnia
1612 763 1788 820 posse

432 853 579 910 quos
610 836 803 894 miseri
831 835 1099 908 credunt,
1130 835 1310 911 ignari
1339 835 1483 910 quid
1511 845 1689 910 queat
1717 855 1865 908 esse,

431 924 573 1000 quid
604 936 876 1000 nequeat,
907 926 1069 983 finita
1096 936 1354 1001 potestas
1385 924 1642 1000 denique
1671 927 1884 1001 cuique

432 1034 685 1089 quanam
714 1016 787 1074 sit
813 1016 1022 1074 rationi
1049 1025 1225 1091 atque
1253 1016 1365 1074 alte
1398 1017 1678 1074 terminus
1705 1016 1990 1089 haerens;

431 1123 549 1179 quo
579 1106 761 1181 magis
792 1116 1049 1163 errantes
1076 1124 1256 1163 caeca
1282 1106 1504 1165 ratione
1533 1107 1810 1166 feruntur.

429 1214 580 1270 quae
610 1196 718 1254 nisi
745 1196 969 1272 respuis
998 1214 1071 1254 ex
1097 1197 1296 1255 animo
1322 1196 1615 1272 longeque
1643 1198 1886 1257 remittis

433 1285 523 1345 dis
551 1285 794 1361 indigna
820 1284 1027 1362 putare
1055 1287 1361 1362 alienaque
1388 1288 1553 1363 pacis
1581 1306 1806 1361 eorum,

433 1375 687 1435 delibata
713 1375 893 1435 deum
921 1395 1029 1452 per
1055 1386 1113 1435 te
1143 1377 1247 1436 tibi
1275 1379 1517 1436 numina
1545 1386 1748 1436 sancta

429 1485 607 1542 saepe
639 1468 888 1526 oberunt
909 1487 926 1540 ;
969 1486 1092 1525 non
1120 1486 1241 1542 quo
1268 1467 1466 1526 violari
1495 1486 1725 1526 summa
1753 1468 1933 1527 deum
1959 1467 2046 1527 vis

427 1559 631 1633 possit,
658 1567 725 1614 ut
752 1576 826 1615 ex
855 1558 936 1615 ira
963 1576 1189 1633 poenas
1216 1567 1418 1633 petere
1448 1558 1674 1617 inbibat
1703 1558 1870 1632 acriS‚

428 1648 535 1707 sed
567 1649 705 1723 quia
731 1658 853 1707 tute
883 1650 988 1707 tibi
1017 1647 1250 1724 placida
1277 1667 1416 1706 cum
1444 1667 1594 1723 pace
1623 1650 1853 1724 quietos

429 1740 752 1797 constitues
781 1758 1027 1814 magnos
1057 1740 1266 1797 irarum
1295 1739 1527 1797 volvere
1557 1740 1784 1812 fluctus,

428 1847 541 1887 nec
571 1829 812 1888 delubra
839 1829 1019 1887 deum
1047 1830 1283 1905 placido
1312 1849 1449 1887 cum
1477 1840 1717 1904 pectore
1747 1830 1959 1902 adibis,

428 1937 541 1977 nec
572 1918 649 1977 de
680 1938 926 1996 corpore
956 1939 1107 1995 quae
1138 1930 1342 1979 sancto
1372 1921 1677 1978 simulacra
1703 1920 1964 1979 feruntur

431 2011 491 2068 in
521 2020 749 2068 mentes
779 2011 1085 2069 hominum
1114 2010 1346 2069 divinae
1376 2012 1579 2070 nuntia
1607 2012 1846 2085 formae,

430 2101 726 2177 suscipere
756 2101 903 2159 haec
931 2102 1108 2159 animi
1137 2101 1447 2176 tranquilla
1474 2120 1620 2176 pace
1650 2101 1884 2160 valebiS.

430 2191 571 2250 inde
596 2191 797 2250 videre
825 2192 963 2249 licet
991 2192 1174 2267 qualis
1203 2192 1317 2250 iam
1348 2192 1466 2249 vita
1493 2202 1785 2266 sequatur.

429 2301 608 2358 quam
638 2281 880 2357 quidem
909 2292 973 2341 ut
1000 2301 1037 2339 a
1063 2283 1233 2341 nobis
1262 2283 1409 2340 ratio
1438 2282 1736 2340 verissima
1761 2283 1938 2358 longe

428 2374 649 2445 reiciat,
681 2391 1039 2447 quamquam
1067 2383 1201 2431 sunt
1228 2392 1265 2429 a
1293 2391 1387 2430 me
1417 2373 1598 2429 multa
1625 2374 1903 2447 profecta,

430 2463 610 2522 multa
638 2474 837 2521 tamen
866 2474 1085 2521 restant
1114 2472 1173 2521 et
1201 2473 1338 2521 sunt
1366 2463 1630 2520 ornanda
1659 2463 1852 2538 politis

429 2556 686 2613 versibus
706 2575 725 2627 3
762 2563 850 2612 est
877 2554 1024 2613 ratio
1054 2554 1200 2612 caeli
1229 2554 1574 2629 speciesque
1607 2552 1881 2626 tenenda,

430 2657 563 2704 sunt
590 2654 970 2721 tempestates
1004 2654 1065 2703 et
1092 2644 1333 2703 fulmina
1360 2645 1512 2701 clara
1541 2644 1827 2716 canenda,

431 2736 571 2812 quid
602 2738 816 2795 faciant
845 2747 904 2796 et
931 2755 1049 2812 qua
1077 2735 1153 2794 de
1184 2754 1359 2793 causa
1387 2753 1641 2809 cumque
1671 2735 1961 2793 ferantur:

430 2846 503 2885 ne
535 2827 793 2903 trepides
822 2828 970 2886 caeli
1000 2827 1196 2885 divisis
1225 2826 1484 2902 partibus
1513 2843 1734 2895 amens,

434 2917 588 2976 unde
620 2918 820 2976 volans
850 2919 995 2993 ignis
1023 2918 1353 2993 pervenerit
1380 2926 1481 2975 aut
1509 2916 1567 2974 in
1598 2924 1785 2972 utram
1813 2932 1878 2972 se

433 3009 661 3067 verterit
690 3009 826 3065 hinc
857 3010 1085 3083 partim,
1116 3026 1237 3082 quo
1266 3019 1442 3083 pacto
1473 3026 1577 3083 per
1603 3006 1733 3065 loca
1761 3014 1968 3079 saepta

434 3099 748 3169 insinuarit,
778 3109 837 3156 et
866 3099 1001 3155 hinc
1031 3098 1366 3156 dominatus
1398 3109 1461 3155 ut
1490 3098 1753 3157 extulerit
1783 3114 1867 3155 se.

434 3199 492 3246 tu
521 3188 659 3246 mihi
691 3206 997 3263 supremae
1027 3189 1379 3263 praescribta
1409 3188 1486 3245 ad
1515 3187 1770 3246 candida
1799 3187 1980 3247 calcis

434 3279 682 3337 currenti
707 3279 957 3353 spatium
986 3288 1400 3353 praemonstra,
1431 3277 1639 3335 callida
1664 3296 1834 3336 musa

436 3369 715 3445 Calliope,
744 3369 975 3444 requies
1004 3369 1306 3425 hominum
1336 3367 1653 3443 divomque
1676 3370 1967 3459 voluptaS,
1991 3366 2045 3451 I,
2061 3390 2106 3431 s.

436 3468 493 3517 te
518 3458 670 3519 duce
700 3469 766 3517 ut
794 3459 1006 3534 insigni
1033 3459 1261 3533 capiam
1291 3477 1428 3515 cum
1455 3456 1630 3515 laude
1658 3476 1961 3519 coronam.

516 3550 811 3627 PrIncipio
838 3550 1055 3608 tonitru
1084 3549 1419 3625 quatiuntur
1446 3549 1674 3606 caerula
1701 3549 1848 3605 caeli

2129 300 2242 362 181

2184 1400 2245 1443 70

2179 3205 2244 3258 92

2181 3474 2242 3530 95
