2784 3992
501 308 598 383 [v.
995 313 1104 366 DE
1144 315 1439 368 RERUM
1495 315 1839 370 NATURA
2193 319 2218 366 1
2233 314 2264 383 5
2279 318 2308 384 5

493 493 627 548 non,
659 475 919 551 inquam,
951 475 1196 551 simplex
1224 475 1311 533 his
1339 476 1512 534 rebus
1539 475 1771 535 reddita
1797 488 2042 537 causast.
2211 487 2311 538 620

492 586 623 624 narn
654 567 778 624 fieri
806 567 900 624 vel
928 567 1065 623 cum
1092 557 1291 641 primis
1320 566 1382 624 id
1412 585 1584 641 posse
1613 566 1861 640 videtur,

496 658 817 716 Democriti
845 656 1010 732 quod
1038 666 1241 714 sancta
1266 657 1370 713 viri
1400 658 1690 715 sententia
1717 658 1902 734 ponit,

493 758 710 823 quanto
739 765 1012 822 quaeque
1041 748 1225 822 magis
1254 748 1367 805 sint
1394 758 1606 805 terram
1634 748 1826 809 sidera
1851 760 2108 827 propter,

494 848 652 895 tanto
680 855 857 913 posse
888 838 1080 896 minus
1110 855 1246 895 cum
1278 838 1425 895 caeli
1455 839 1682 897 turbine
1712 840 1859 898 ferri.

492 946 835 987 evanescere
864 928 1023 986 enim
1049 927 1281 1003 rapidas
1308 928 1456 986 illius
1483 938 1544 986 et
1570 930 1717 989 acris
2209 938 2274 989 62
2277 950 2305 1003 5

491 1018 755 1077 imminui
782 1029 982 1094 supter
1006 1019 1157 1091 viris,
1189 1017 1445 1093 ideoque
1478 1020 1724 1097 relinqui

488 1110 767 1187 paulatim
796 1094 981 1168 sble'm
1011 1128 1149 1167 cum
1176 1110 1581 1185 posterioribu’
1612 1112 1808 1187 signiS,

489 1201 721 1259 inferior
748 1201 931 1259 multo
960 1199 1124 1275 quod
1154 1201 1225 1258 sit
1252 1218 1430 1275 quam
1462 1200 1680 1268 fervida
1708 1202 1886 1277 signa.

489 1300 548 1349 et
574 1292 758 1367 magis
787 1291 903 1349 hoe
929 1291 1129 1348 lunam
1154 1312 1167 1348 :
1214 1300 1436 1365 quanto
1465 1291 1772 1350 demissior
1798 1292 1924 1351 eius

488 1400 688 1441 cursus
716 1382 880 1440 abest
907 1381 1114 1456 procul
1142 1400 1177 1439 a
1204 1382 1370 1439 caelo
1399 1383 1678 1459 terrisque
1706 1384 2078 1460 propinquat,
2205 1391 2305 1457 630

487 1482 651 1531 tanto
679 1490 856 1548 posse
886 1471 1079 1530 minus
1107 1490 1243 1530 cum
1274 1473 1452 1548 signis
1480 1472 1723 1531 tendere
1754 1492 2004 1533 cursum.

487 1562 822 1621 flaccidiore
850 1563 1069 1620 etenim
1098 1572 1319 1638 quanto
1348 1562 1464 1621 iam
1493 1563 1722 1622 turbine
1753 1564 1930 1623 fertur

486 1653 726 1713 inferior
752 1671 929 1728 quam
960 1654 1065 1725 sol,
1096 1663 1261 1712 tanto
1290 1654 1474 1729 magis
1503 1655 1700 1713 omnia
1729 1655 1893 1730 signa

487 1744 639 1802 hanc
670 1743 1076 1820 adipiscuntur
1103 1746 1326 1803 circum
1353 1754 1700 1822 praeterque
1729 1746 2002 1804 feruntur.

486 1844 803 1911 propterea
828 1835 893 1893 fit
921 1845 985 1893 ut
1014 1834 1161 1893 haec
1190 1834 1268 1893 ad
1296 1836 1528 1911 signum
1556 1835 1838 1911 quodque
1868 1837 2074 1894 reverti
2203 1843 2298 1908 635

487 1926 761 1985 mobilius
787 1926 1070 1997 videatur,
1099 1925 1178 1984 ad
1206 1926 1359 1985 hanc
1388 1927 1526 2002 quia
1554 1928 1718 2002 signa
1745 1927 2026 1985 revisunt.'

487 2016 553 2075 fit
580 2035 821 2092 quoque
849 2026 914 2074 ut
941 2035 975 2075 e
1006 2016 1211 2075 mundi
1239 2018 1546 2075 tranversis
1573 2017 1831 2093 partibus
1859 2020 1961 2077 aer

489 2107 721 2167 alternis
750 2117 912 2165 certo
940 2107 1117 2165 fluere
1145 2108 1288 2165 alter
1314 2117 1579 2182 tempore
1607 2107 1809 2182 possit,

489 2198 589 2273 qui
616 2207 796 2272 queat
822 2197 1050 2256 aestivis
1078 2197 1261 2255 solem
1291 2196 1600 2255 detrudere
1631 2197 1805 2272 signis

488 2288 763 2347 brumalis
788 2306 975 2362 usque
1004 2286 1083 2345 ad
1110 2287 1291 2345 flexus
1318 2286 1695 2363 gelidumque
1723 2288 1992 2363 rigorem,
2203 2294 2304 2357 640

490 2389 549 2437 et
576 2378 679 2454 qui
706 2379 906 2436 reiciat
932 2377 1137 2454 gelidis
1165 2397 1201 2435 a
1228 2378 1450 2453 frigoris
1478 2378 1697 2450 umbris

432 2510 437 2515 ι
490 2470 786 2528 aestiferas
814 2487 1000 2543 usque
1030 2469 1092 2525 in
1120 2469 1295 2543 partis
1325 2478 1385 2527 et
1414 2468 1634 2526 fervida
1661 2470 1841 2544 signa„

492 2570 551 2619 et
576 2561 801 2619 ratione
830 2560 951 2635 pari
982 2560 1180 2617 lunam
1208 2559 1516 2634 stellasque
1545 2559 1942 2635 putandumst,

491 2669 643 2726 quae
670 2650 911 2709 volvunt
938 2668 1181 2726 magnos
1211 2651 1269 2708 in
1298 2652 1524 2727 magnis
1552 2651 1788 2710 orbibus
1815 2668 2022 2723 annm,

492 2742 721 2802 ae'ribus
747 2758 921 2817 posse
952 2741 1184 2799 alternis
1213 2759 1247 2799 e
1276 2743 1533 2817 partibus
1561 2742 1661 2800 ire.
2203 2747 2301 2813 645

492 2850 693 2890 nonne
724 2830 887 2893 vides
918 2825 1106 2889 etiam‘
1123 2830 1362 2890 diversis
1390 2832 1588 2891 nubila
1614 2832 1799 2889 ventis

492 2922 751 2981 diversas
780 2922 862 2980 ire
892 2922 951 2980 in
980 2923 1159 2997 partis
1188 2923 1410 2980 inferna
1438 2923 1748 2998 supernis?

492 3014 597 3088 qui
625 3014 817 3071 minus
847 3012 940 3070 illa
968 3021 1187 3087 queant
1213 3032 1319 3088 per
1347 3031 1590 3088 magnos
1619 3012 1866 3071 aetheris
1895 3012 2050 3070 orbis

494 3104 749 3162 aestibus
778 3104 929 3161 inter
954 3122 1016 3161 se
1047 3102 1286 3161 diversis
1316 3103 1509 3161 sidera
1536 3104 1709 3161 ferri?

577 3197 655 3253 At
682 3214 801 3253 nox
828 3194 1021 3253 obruit
1050 3194 1269 3270 ingenti
1298 3194 1542 3271 caligine
1571 3204 1767 3267 terraS,
2207 3198 2306 3262 650

494 3295 597 3345 aut
624 3285 725 3344 ubi
752 3284 829 3343 de
857 3285 1033 3361 longo
1062 3304 1234 3343 cursu
1262 3285 1351 3344 sol
1378 3286 1580 3343 ultima
1608 3285 1755 3344 caeli

492 3376 724 3451 impulit
752 3386 927 3452 atque
955 3394 1091 3435 suos
1120 3376 1335 3434 efflavit
1363 3374 1670 3451 languidus
1698 3375 1848 3451 ignis

493 3485 817 3527 concussos
847 3468 988 3525 itere
1018 3476 1077 3525 et
1104 3467 1420 3525 labefactos
1449 3472 1582 3527 aere
1611 3467 1813 3538 mult0,

494 3567 599 3617 aut
626 3558 764 3632 quia
790 3558 900 3616 sub
927 3567 1103 3615 terras
1131 3576 1364 3615 cursum
1394 3567 1736 3615 convortere
1765 3556 1924 3631 cogit
