2784 3992
462 298 581 359 118
1122 312 1586 366 LUCRETIUS
2129 312 2260 383 [iv.

449 483 510 533 at
538 473 743 532 contra
768 480 1037 550 pun'gunt
1062 492 1298 533 sensum
1324 474 1698 549 lacerantque
1728 482 1947 546 coorta,
2163 481 2260 547 625

450 575 673 639 quanto
702 583 971 639 quaeque
1002 565 1183 639 magis
1213 574 1347 623 sunt
1376 565 1684 639 asperitate
1713 565 1951 639 repleta.

449 646 668 713 deinde
698 656 960 730 voluptas
990 666 1077 713 est
1105 673 1138 713 e
1168 674 1311 713 suco
1340 655 1457 711 fine
1485 654 1660 729 palati
1681 675 1697 726 3

449 746 588 804 cum
615 763 753 804 vero
782 745 1057 804 deorsum
1080 764 1186 820 per
1213 746 1412 802 fauces
1441 745 1860 819 praecipitavit,

449 837 606 893 nulla
630 837 893 911 voluptas
923 846 1027 907 est,
1058 835 1200 893 dum
1230 834 1448 892 diditur
1475 834 1666 892 omnis
1697 835 1756 891 in
1786 845 1959 894 artuS.
2035 836 2038 839 ’

448 944 560 984 nec
589 927 762 985 refert
790 928 1102 1001 quicquam
1133 944 1252 1000 quo
1283 926 1439 983 victu
1469 943 1683 999 corpus
1713 926 1910 996 alatur,
2155 933 2262 1003 630

448 1015 778 1075 dummodo
807 1016 970 1092 quod
999 1017 1194 1090 capias
1224 1026 1581 1074 concoctum
1611 1015 1816 1099 didere
1844 1017 2032 1091 possis

448 1107 683 1165 artubus
712 1117 771 1165 et
798 1097 1091 1166 stomachi
1110 1106 1436 1165 umidulum
1466 1112 1690 1189 servare
1720 1117 2002 1165 tenorem.

529 1198 707 1255 Nunc
736 1198 858 1256 aliis
886 1188 1028 1256 alius
1058 1198 1158 1274 qui
1186 1198 1257 1255 sit
1286 1198 1441 1255 cibu'
1473 1198 1662 1255 suavis
1691 1207 1750 1255 et
1777 1198 1962 1256 almus

448 1286 780 1364 expediam,
810 1306 1078 1363 quareve,
1108 1287 1230 1346 aliis
1259 1286 1424 1363 quod
1453 1288 1610 1346 triste
1641 1297 1700 1346 et
1727 1299 2058 1362 amarumst‚

447 1379 562 1437 hoc
590 1388 791 1439 tamen
818 1397 943 1438 esse
972 1379 1094 1437 aliis
1122 1379 1306 1455 possit
1333 1378 1613 1457 perdulce
1637 1377 1840 1450 videri,
2161 1386 2258 1453 635

447 1479 724 1545 tantaque
754 1471 813 1528 in
841 1470 928 1527 his
956 1470 1130 1529 rebus
1160 1470 1437 1527 distantia
1465 1469 1881 1544 differitasque,

446 1570 510 1618 ut
539 1560 702 1635 quod
730 1562 803 1618 ali
832 1561 1113 1619 cibusest
1141 1560 1264 1617 aliis
1293 1561 1414 1617 fuat
1445 1578 1576 1617 acre
1605 1550 1946 1633 venenum(

447 1660 720 1725 extetque
750 1659 814 1709 ut
841 1668 1098 1725 serpenS,
1130 1650 1382 1708 hominis
1412 1668 1563 1725 quae
1591 1660 1748 1708 tacta
1775 1650 1963 1709 salivis

446 1740 688 1815 disperit
716 1760 785 1799 ac
814 1760 941 1800 sese
973 1740 1314 1799 mandendo
1346 1740 1586 1799 conficit
1613 1741 1755 1815 ipsa.

445 1842 745 1906 praeterea
774 1832 945 1890 nobis
974 1842 1259 1890 veratrum
1291 1842 1380 1890 est
1408 1850 1540 1889 acre
1568 1850 1882 1904 venenum,
2158 1840 2258 1903 640

445 1932 503 1979 at
532 1922 719 1997 capris
749 1922 951 1999 adipes
981 1932 1041 1981 et
1068 1923 1464 1982 coturnicibus
1493 1931 1682 1998 auget.

444 2023 508 2070 ut
536 2014 749 2087 quibus
780 2014 840 2072 id
870 2014 971 2071 fiat
996 2015 1170 2073 rebus
1200 2032 1560 2089 cognoscere
1589 2013 1796 2089 possiS‚

442 2104 732 2179 principio
762 2105 1094 2162 meminisse
1124 2104 1300 2162 decet
1330 2123 1482 2180 quae
1513 2104 1765 2162 diximus
1794 2112 1948 2176 ante,

443 2196 668 2268 semina
698 2194 1055 2254 multimodis
1084 2196 1143 2253 in
1172 2196 1344 2253 rebus
1374 2196 1556 2253 mixta
1582 2196 1784 2253 teneri.

442 2303 615 2359 porro
646 2304 853 2344 omnes
874 2304 1283 2361 quaecumque
1304 2287 1504 2345 cibum
1527 2287 1766 2361 capiunt
1787 2286 2129 2358 animanteS,
2155 2290 2255 2358 645

442 2385 507 2433 ut
533 2387 667 2434 sunt
695 2376 1000 2434 dissimiles
1031 2376 1389 2434 extrinsecus
1420 2386 1478 2433 et
1506 2377 1825 2451 generatim

442 2467 657 2541 extima
685 2469 1078 2525 membrorum
1107 2468 1571 2539 c-ircum-caesura
1599 2476 1850 2538 coercet,

440 2556 689 2631 proinde
719 2567 778 2614 et
805 2546 1120 2615 seminibus
1150 2568 1423 2615 constant
1449 2557 1705 2615 variante
1734 2558 1932 2633 figura.

441 2647 667 2704 semina
694 2666 830 2704 cum
860 2665 1031 2722 porro
1062 2636 1558 2720 distent,'differre
1588 2657 1887 2708 necessest

440 2737 737 2795 intervalla
764 2738 1019 2813 viasque,
1051 2739 1336 2796 foramina
1363 2756 1515 2813 quae
1544 2738 1939 2813 perhibemuS,
2154 2746 2258 2811 65ο

440 2829 712 2886 omnibus
740 2829 798 2885 in
828 2829 1101 2886 membris
1132 2839 1191 2887 et
1219 2830 1279 2886 in
1307 2847 1408 2888 ore
1438 2829 1683 2904 ipsoque
1715 2829 1925 2903 palato,
2167 2826 2179 2833 ’

441 2935 569 2976 esse
598 2919 825 2976 minora
852 2908 1023 2993 igitur
1051 2918 1343 2993 quaedam
1372 2920 1710 2994 maioraque
1741 2918 1980 2993 debent,

441 3026 567 3067 esse
598 3010 873 3084 triquetra
902 3010 1041 3080 aliis,
1072 3010 1195 3068 aliis
1225 3010 1508 3085 quadrata
1536 3020 1850 3085 necessest,

440 3100 621 3156 multa
648 3100 916 3173 rutunda,
948 3100 1141 3158 modis
1172 3101 1363 3158 multis
1393 3101 1751 3176 multangula
1779 3100 2088 3177 quaedam.

439 3208 694 3264 namque
722 3191 1034 3265 figurarum
1064 3192 1208 3249 ratio
1238 3201 1301 3248 ut
1330 3202 1642 3267 motusque
1671 3201 2006 3267 reposcunt,
2151 3198 2221 3266 65
2225 3212 2262 3267 5

256 3351 261 3359 Ι
409 3274 689 3355 “proinde
718 3281 1094 3339 foraminibus
1124 3281 1344 3340 debent
1372 3281 1602 3339 differre
1632 3282 1870 3358 figurae,

344 3412 359 3441 2
439 3380 498 3428 et
525 3370 740 3428 variare
769 3372 896 3429 viae
925 3371 1172 3446 proinde
1203 3391 1271 3429 ac
1300 3382 1527 3429 textura
1556 3381 1808 3430 coercet.

419 3448 554 3518 ..hoc
583 3462 684 3520 ubi
712 3461 876 3537 quod
906 3481 1083 3520 suave
1112 3472 1199 3521 est
1227 3463 1348 3519 aliis
1377 3463 1500 3521 aliis
1530 3463 1594 3521 fit
1623 3480 1903 3534 amarum,

166 3620 172 3629 ι
247 3572 273 3604 e·
292 3546 313 3570 ‘'
352 3632 358 3642 ¹
425 3544 534 3626 'il1i,
565 3553 660 3611 cui
688 3571 861 3611 suave
892 3563 997 3626 est,
1026 3554 1311 3611 levissima
1339 3572 1588 3629 corpora
1615 3552 1835 3611 debent

54 3741 157 3909 ἱ
