2784 3992
150 3732 268 3869 ἱ

534 308 651 393 198
1191 323 1655 382 LUCRETIUS
2195 322 2333 397 [v1.

517 496 619 546 aut
650 487 826 546 alium
856 490 1120 563 quemvis
1148 489 1337 547 morbi
1364 506 1474 565 per
1500 488 1764 546 membra
1790 487 2098 546 dolorem?

518 580 874 655 opturgescit
902 580 1061 637 enim
1090 580 1282 638 subito
1312 597 1438 655 peS,
1468 579 1666 655 arripit
1692 597 1829 637 acer

516 688 692 746 saepe
724 669 893 728 dolor
920 672 1147 741 denteS,
1179 671 1383 728 oculos
1415 669 1633 728 invadit
1661 670 1721 727 in
1753 670 1932 745 ips08‚

515 761 705 820 existit
735 779 898 819 sacer
927 761 1074 837 ignis
1102 770 1162 818 et
1191 761 1301 818 urit
1330 779 1578 837 corpore
1608 779 1849 836 serpens
2237 766 2338 817 660

514 870 948 926 quamcumque
977 852 1213 927 arripuit
1242 852 1471 928 partim,
1502 851 1769 927 repitque
1798 870 1906 927 per
1931 860 2106 922 artuS,

512 943 784 1000 nimirum
815 943 953 1017 quia
980 952 1114 1000 sunt
1144 943 1452 1000 multarum
1481 942 1707 1000 semina
1733 960 1947 1015 rerum,

514 1043 572 1091 et
597 1034 733 1093 satis
764 1032 910 1091 haec
940 1034 1105 1092 tellus
1134 1034 1302 1091 nobis
1330 1033 1677 1107 caelumque
1707 1031 1842 1090 mali
1873 1032 1997 1103 fert,

511 1123 669 1182 unde
700 1133 876 1198 queat
903 1123 986 1181 vis
1016 1124 1283 1182 immensi
1311 1140 1682 1199 procrescere
1711 1123 1918 1182 morbi.

513 1215 596 1274 sic
620 1215 791 1290 igitur
816 1217 925 1273 toti
954 1215 1119 1273 caelo
1149 1225 1454 1289 terraeque
1483 1214 1868 1290 putandumst
2234 1217 2329 1285 665

514 1324 587 1364 ex
617 1306 843 1363 infinito
874 1306 1009 1363 satis
1041 1306 1241 1364 omnia
1272 1304 1669 1380 suppeditare,

510 1395 669 1454 unde
700 1406 939 1470 repente
970 1405 1145 1470 queat
1174 1396 1339 1453 tellus
1370 1414 1665 1453 concussa
1693 1394 1914 1453 moveri

513 1504 736 1561 perque
768 1503 926 1543 mare
955 1504 1025 1543 ac
1056 1494 1233 1545 terras
1262 1485 1500 1561 rapidus
1528 1503 1864 1561 percurrere
1891 1484 2083 1556 turb0,

511 1577 661 1653 ignis
692 1577 990 1635 abundare
1020 1578 1333 1648 Aetnaeus,
1363 1576 1765 1634 flammescere
1800 1575 2031 1633 caelum
2054 1596 2071 1648 ;

511 1666 574 1725 id
606 1686 843 1742 quoque
872 1667 1031 1726 enim
1060 1667 1127 1725 fit
1154 1676 1215 1726 et
1241 1667 1558 1726 ardescunt
1584 1667 1860 1725 caelestia
1887 1666 2126 1741 templa,
2233 1672 2333 1736 670

512 1768 572 1815 et
604 1767 979 1834 tempestates
1009 1758 1237 1834 pluviae
1267 1758 1528 1834 graviore
1557 1768 1764 1815 coortu
1989 1804 2010 1833 a

512 1858 665 1920 sunt,
697 1848 796 1907 ubi
827 1848 973 1907 forte
1004 1850 1081 1907 ita
1111 1867 1173 1907 se
1201 1848 1518 1907 tetulerunt
1546 1849 1770 1907 semina
1797 1864 2097 1921 aquarum.

514 1944 529 1970 ‘
556 1950 615 1999 at
642 1941 813 1999 nimis
843 1951 930 2001 est
957 1942 1162 2018 ingens
1193 1941 1433 2000 incendi
1463 1940 1726 1999 turbidus
1755 1939 1967 1999 ardor.'

512 2032 733 2090 scilicet
760 2041 818 2089 et
848 2032 1050 2090 fluvius
1080 2032 1265 2107 quivis
1295 2041 1383 2090 est
1413 2032 1700 2089 maximus
1729 2031 1785 2088 ei

512 2123 612 2196 qui
641 2141 763 2181 non
790 2132 926 2181 ante
954 2124 1206 2198 aliquem
1238 2124 1517 2181 maiorem
1548 2121 1710 2193 vidit,
1739 2130 1800 2179 et
1828 2121 2034 2197 ingens
2234 2128 2326 2195 675

513 2214 683 2272 arbor
708 2213 1007 2289 homoque
1036 2212 1283 2286 videtur,
1314 2224 1373 2272 et
1403 2214 1601 2271 omnia
1628 2212 1705 2271 de
1735 2230 1950 2289 genere
1979 2214 2142 2295 omni

513 2304 767 2362 maxima
794 2322 945 2378 quae
974 2304 1117 2362 vidit
1147 2304 1414 2379 quisque,
1447 2304 1591 2361 haec
1622 2304 1881 2379 ingentia
1907 2303 2091 2379 fingit,

514 2412 649 2453 cum
679 2404 876 2453 tamen
906 2396 1103 2453 omnia
1132 2414 1267 2452 cum
1298 2395 1465 2453 caelo
1495 2403 1762 2469 terraque
1793 2396 2054 2470 marique

513 2485 594 2543 nil
622 2485 736 2544 sint
764 2485 841 2545 ad
868 2504 1156 2545 summam
1186 2486 1436 2543 summai
1464 2486 1639 2544 totius
1669 2502 1929 2558 omnem.

598 2577 775 2634 Nunc
804 2586 1001 2635 tamen
1030 2577 1125 2634 illa
1152 2575 1347 2635 modis
1378 2577 1589 2651 quibus
1617 2576 1847 2634 inritata
1873 2584 2117 2650 repente
2229 2581 2327 2633 680

518 2666 752 2725 flamma
779 2668 929 2727 foras
956 2668 1129 2725 vastis
1157 2668 1381 2725 Aetnae
1411 2667 1742 2725 fornacibus
1772 2665 1950 2738 efflet,

515 2756 843 2833 expediam.
874 2760 1126 2834 primum
1159 2759 1336 2817 totius
1364 2759 1619 2817 subcava
1648 2756 1864 2816 montis

515 2857 601 2907 est
628 2858 848 2921 natura,
879 2850 996 2907 fere
1027 2848 1254 2907 silicum
1286 2848 1517 2906 suffulta
1545 2847 1827 2905 cavernis,

514 2939 785 2996 omnibus
816 2948 902 2996 est
932 2957 1107 3014 porro
1136 2939 1194 2995 in
1224 2938 1517 3013 speluncis
1544 2947 1753 2996 ventus
1784 2946 1843 2994 et
1870 2936 2006 3009 aer3

513 3038 718 3087 ventus
748 3030 903 3086 enim
934 3029 1015 3100 fit,
1045 3029 1146 3086 ubi
1177 3037 1264 3085 est
1292 3026 1571 3103 agitando
1599 3028 1855 3103 percitus
1883 3027 1999 3085 aer.
2225 3032 2314 3094 685

512 3118 608 3176 hic
636 3119 736 3177 ubi
766 3119 1047 3194 percaluit
1076 3119 1460 3193 calefecitque
1490 3118 1690 3175 omnia
1716 3117 1936 3174 circum

512 3228 650 3267 saxa
678 3210 889 3281 furens,
919 3228 1037 3285 qua
1064 3208 1367 3284 contingit,
1399 3218 1746 3283 terramque,
1776 3217 1836 3265 et
1862 3207 1938 3265 ab
1965 3206 2093 3266 ollis

515 3300 765 3358 excussit
792 3300 1050 3357 calidum
1081 3299 1325 3357 flammis
1352 3299 1652 3357 velocibus
1680 3299 1896 3374 ignem,

513 3388 657 3445 tollit
686 3405 750 3446 se
780 3407 849 3446 ac
877 3390 1049 3446 rectis
1078 3390 1157 3445 ita
1186 3389 1451 3446 faucibus
1481 3389 1616 3447 eicit
1645 3389 1775 3447 alte.

513 3477 621 3532 fert
648 3477 841 3549 itaque
870 3476 1140 3534 ardorem
1168 3478 1339 3552 longe
1368 3478 1662 3553 longeque
1692 3478 1940 3536 favillam
2217 3479 2301 3544 690

516 3562 708 3621 differt
736 3574 795 3622 et
822 3583 1013 3622 crassa
1041 3567 1215 3623 volvit
1244 3568 1489 3642 caligine
1519 3569 1742 3625 fumum
