2784 3992
495 298 631 371 V1.]
946 300 1056 351 DE
1110 299 1402 352 RERUM
1459 299 1801 351 NATURA
1881 372 1892 379 ·
2183 300 2304 366 205

498 476 696 517 11011116
726 458 895 517 vides
926 458 1119 531 etiam,
1149 469 1438 517 nocturna
1464 458 1543 517 ad
1569 458 1789 518 lumina
1815 460 1998 518 linum
2212 482 2311 534 900

494 568 681 626 nuper
707 551 807 608 ubi
836 551 1157 607 extinctum
1188 549 1523 622 admoveas,
1553 550 1867 609 accendier
1893 561 2029 609 ante

494 658 669 714 quam
701 641 888 715 tetigit
916 641 1229 712 flammam,
1260 640 1615 715 taedamque
1643 642 1768 715 pari
1793 642 2060 701 ratione?

494 731 793 805 multaque
823 740 1124 805 praeterea
1151 731 1311 805 prius
1340 730 1469 805 ipso
1497 741 1654 788 tacta
1679 749 1897 806 vapore

495 822 723 879 eminus
754 821 1067 879 ardescunt
1096 827 1274 895 quam
1304 822 1637 879 comminus
1666 822 1889 880 imbuat
1915 822 2082 895 ignis.

494 912 609 971 hoc
638 913 808 987 igitur
836 912 958 968 fieri
987 930 1225 986 quoque
1259 912 1319 969 in
1346 911 1444 969 illo
1474 912 1633 969 fonte
1663 911 2060 987 putandumst.
2214 931 2310 985 905

575 1003 758 1076 Quod
788 1012 1071 1078 superest,
1103 1021 1273 1077 agere
1305 1003 1580 1077 incipiam
1609 1021 1730 1076 quo
1759 1002 1998 1060 foedere
2026 1004 2127 1061 fiat

494 1104 751 1162 naturae,
784 1094 931 1168 lapis
959 1093 1057 1150 hic
1088 1102 1152 1149 ut
1181 1094 1393 1150 ferrum
1424 1091 1641 1150 ducere
1670 1093 1872 1168 possit,

494 1201 672 1257 quem
705 1185 986 1258 Magneta
1013 1193 1227 1241 vocant
1256 1184 1442 1258 patrio
1472 1183 1549 1241 de
1577 1184 1819 1241 nomine
1849 1184 2009 1254 Grai,

497 1276 843 1349 Magnetum
873 1275 1011 1348 quia
1036 1275 1102 1334 fit
1134 1274 1330 1348 patriis
1358 1274 1420 1331 in
1449 1274 1660 1332 finibus
1688 1284 1864 1332 ortus.

496 1363 653 1421 hunc
684 1364 957 1421 homines
986 1363 1243 1438 lapidem
1275 1365 1591 1436 mirantur3
1634 1363 1855 1439 quippe
1885 1373 2155 1422 catenam
2210 1385 2311 1437 910

495 1472 670 1529 saepe
700 1473 775 1511 ex
802 1455 1003 1511 anellis
1032 1454 1227 1512 reddit
1256 1454 1650 1529 pendentibus
1680 1473 1754 1513 ex
1780 1472 1862 1513 se.

495 1546 753 1620 quinque
782 1545 1003 1603 etenim
1030 1546 1168 1602 licet
1194 1544 1488 1603 interdum
1517 1545 1830 1620 pluresque
1858 1543 2056 1603 videre

494 1635 701 1693 ordine
730 1635 1018 1694 demissos
1046 1636 1268 1693 levibus
1297 1636 1560 1693 iactarier
1585 1635 1758 1707 auris,

495 1746 645 1785 unus
674 1727 772 1784 ubi
801 1745 877 1784 ex
905 1744 1026 1786 uno
1056 1725 1357 1801 dependet
1386 1736 1584 1800 supter
1613 1724 1935 1783 adhaerens

497 1836 569 1875 ex
595 1818 828 1893 alioque
858 1816 1002 1875 alius
1030 1816 1236 1892 lapidis
1263 1818 1381 1873 vim
1410 1816 1718 1891 vinclaque
1747 1816 1974 1874 noscit:
2217 1834 2312 1889 915

499 1927 684 1983 usque
715 1908 869 1966 adeo
900 1918 1312 1982 permananter
1339 1908 1424 1963 vis
1452 1907 1715 1982 pervolat
1744 1907 1886 1966 eius·

582 2001 724 2057 Hoc
753 2017 938 2074 genus
967 1998 1028 2055 in
1057 1998 1228 2056 rebus
1257 1997 1664 2055 firmandumst
1691 1997 1872 2055 multa
1899 1998 2057 2072 prius
2086 2015 2264 2072 quam

499 2091 679 2167 ipsius
709 2092 790 2148 rei
819 2090 1107 2147 rationem
1136 2088 1383 2148 reddere
1416 2089 1620 2163 possiS,

498 2192 557 2240 et
585 2182 830 2240 nimium
860 2180 1047 2256 longis
1074 2180 1418 2255 ambagibus
1447 2189 1534 2237 est
1561 2178 1904 2237 adeundum
1926 2198 1944 2251 3

498 2292 617 2348 quo
646 2272 831 2349 magis
860 2281 1109 2329 attentas
1138 2271 1288 2328 auris
1318 2271 1697 2344 animumque
1727 2287 1999 2345 reposco.
2219 2291 2318 2342 920

581 2364 876 2439 Principio
906 2363 1179 2422 omnibus
1208 2363 1284 2421 ab
1312 2362 1504 2433 rebus,
1535 2379 1936 2435 quascumque
1967 2359 2251 2434 videmuS‚

498 2465 788 2533 perpetuo
816 2454 994 2513 fluere
1024 2474 1095 2512 ac
1125 2454 1275 2512 mitti
1304 2453 1614 2529 spargique
1643 2460 1940 2509 necessest

500 2564 749 2621 corpora
777 2562 929 2619 quae
958 2544 1163 2602 feriant
1191 2544 1394 2602 oculos
1424 2544 1728 2617 visumque
1757 2542 2059 2599 lacessant.

500 2646 904 2711 perpetuoque
934 2634 1119 2692 fluunt
1147 2634 1317 2692 certis
1346 2634 1422 2691 ab
1450 2635 1622 2692 rebus
1652 2632 1866 2692 odores
1886 2653 1905 2705 3

502 2726 672 2801 frigus
703 2735 765 2783 ut
792 2744 829 2783 a
855 2724 1059 2797 fluviiS,
1088 2724 1247 2781 calor
1275 2725 1349 2782 ab
1380 2725 1520 2797 sole,
1553 2734 1744 2782 aestus
1771 2725 1847 2783 ab
1880 2723 2057 2782 undis
2220 2742 2314 2797 925

501 2816 769 2891 aequoris
798 2833 1008 2873 exesor
1033 2833 1368 2873 moerorum
1397 2815 1563 2873 litora
1591 2820 1846 2891 propter.

501 2925 611 2963 nec
642 2906 780 2963 varii
808 2915 1041 2964 cessant
1069 2906 1292 2963 sonitus
1322 2924 1560 2964 manare
1593 2924 1698 2981 per
1727 2924 1910 2964 auras,

501 2996 760 3072 denique
788 2996 849 3054 in
877 3015 945 3055 os
973 2996 1103 3054 salsi
1132 2996 1292 3054 venit
1320 3014 1492 3055 umor
1519 3014 1695 3070 saepe
1727 2997 1965 3070 saporiS‚

501 3106 638 3145 cum
667 3106 826 3145 mare
855 3105 1151 3146 versamur
1176 3097 1431 3162 propter,
1464 3086 1761 3161 dilutaque
1792 3096 1996 3144 contra

501 3197 637 3235 cum
666 3179 883 3236 tuimur
909 3178 1136 3236 misceri
1166 3178 1472 3248 absinthia,
1503 3178 1686 3253 tangit
1713 3196 1954 3235 amaror.
2214 3195 2312 3247 930

504 3287 687 3344 usque
716 3266 870 3325 adeo
898 3269 1169 3326 omnibus
1197 3269 1271 3325 ab
1300 3268 1472 3325 rebus
1501 3287 1592 3325 res
1622 3286 1892 3343 quaeque
1925 3268 2169 3324 fluenter

503 3360 677 3417 fertur
706 3368 764 3416 et
792 3358 852 3415 in
881 3372 1122 3417 cunctas
1150 3358 1455 3416 dimittitur
1480 3358 1742 3433 undique
1771 3360 1947 3433 partis

499 3468 614 3508 nec
642 3467 809 3507 mora
835 3466 948 3506 nec
976 3448 1205 3522 requies
1233 3448 1556 3506 interdatur
1582 3449 1697 3505 ulla
1724 3447 1962 3519 fluendi,

499 3549 787 3621 perpetuo
816 3539 1095 3617 quoniam
1123 3538 1422 3611 sentimus,
1452 3548 1512 3596 et
1539 3538 1737 3595 omnia
1763 3557 1996 3617 semper

2467 3676 2670 3861 f
