2784 3992
466 248 556 325 96
1139 258 1606 313 LUCRETws
2132 255 2278 327 [111.

466 440 579 480 nec
608 422 823 497 Tityon
850 421 1115 479 volucres
1145 419 1349 477 ineunt
1376 418 1714 477 Acherunte
1743 417 2036 477 iacentem

465 531 579 571 nec
609 494 774 588 quod
802 512 910 570 sub
939 528 1152 587 magno
1182 518 1510 567 scrutentur
1535 517 1777 583 pectore
1807 509 2124 585 quicquam
2183 515 2279 582 985

465 612 812 680 perpetuam
839 611 1091 659 aetatem
1121 610 1367 676 possunt
1394 600 1647 675 reperire
1677 600 1962 675 profecto.

466 696 787 772 quamlibet
815 695 1056 753 immani
1085 696 1353 769 proiectu
1381 694 1642 768 corporis
1673 702 1878 765 exstet,

466 788 568 861 qui
595 805 716 843 non
745 786 869 843 sola
895 804 1109 843 novem
1138 784 1416 860 dispessis
1445 783 1644 859 iugera
1672 783 1947 841 membris

466 878 747 952 optineat,
778 876 884 935 sed
914 876 1014 950 qui
1042 876 1212 933 terrai
1240 875 1418 933 totius
1444 875 1672 946 orbem,

464 986 589 1025 non
616 977 813 1025 tamen
842 951 1143 1024 aeternum
1170 966 1387 1042 poterit
1413 966 1667 1040 perferre
1696 963 1964 1023 dolorem
2185 982 2288 1037 990

464 1076 578 1115 nec
605 1046 884 1133 praebere
914 1056 1114 1114 cibum
1141 1056 1380 1132 proprio
1411 1055 1487 1113 de
1517 1073 1763 1131 corpore
1794 1072 2043 1130 semper.

466 1148 572 1207 sed
600 1148 811 1223 Tityos
839 1147 1009 1205 nobis
1036 1146 1133 1204 hic
1163 1155 1267 1220 est,
1297 1148 1358 1205 in
1384 1164 1586 1205 amore
1615 1147 1908 1204 iacentem

418 1246 423 1250 ’
466 1244 646 1313 quem
673 1238 940 1296 volucres
968 1238 1223 1296 lacerant
1250 1246 1426 1312 atque
1455 1246 1620 1296 exest
1649 1237 1854 1295 anxius
1883 1254 2066 1312 angor

465 1338 565 1386 aut
592 1329 703 1385 alia
731 1329 937 1403 quavis
966 1328 1244 1386 scindunt
1272 1327 1611 1404 cuppedine
1641 1346 1834 1386 curae.

466 1420 742 1495 Sisyphus
770 1419 833 1477 in
856 1419 975 1476 vita
1002 1437 1238 1494 quoque
1268 1419 1438 1478 nobis
1468 1428 1603 1477 ante
1633 1418 1838 1477 oculos
1869 1427 1960 1476 est
2186 1435 2284 1491 995

467 1510 567 1585 qui
594 1519 793 1585 petere
823 1528 860 1567 a
885 1509 1108 1585 populo
1136 1510 1324 1567 fasces
1352 1526 1671 1583 saevasque
1702 1527 1937 1568 secures

466 1600 695 1659 imbibit
724 1609 783 1658 et
812 1618 1043 1675 semper
1071 1600 1256 1658 victus
1286 1600 1578 1674 tristisque
1608 1598 1850 1658 recedit.

465 1710 602 1748 nam
630 1700 831 1766 petere
862 1691 1171 1766 imperium
1200 1690 1365 1766 quod
1391 1691 1622 1749 inanest
1649 1708 1762 1748 nec
1792 1689 1962 1748 datur
1983 1707 2285 1764 umquam,

465 1789 639 1855 atque
670 1781 731 1839 in
758 1799 831 1840 eo
861 1798 1093 1855 semper
1120 1780 1331 1839 durum
1360 1763 1576 1877 suffesse‘
1597 1780 1879 1853 laborem,

465 1871 580 1930 hoc
609 1880 698 1930 est
724 1871 971 1930 adverso
1000 1872 1299 1929 nixantem
1328 1870 1564 1929 trudere
1594 1880 1798 1929 monte
2155 1892 2285 1927 1000

465 1981 669 2021 saxum
696 1961 861 2038 quod
886 1971 1087 2020 tamen
1113 1980 1146 2019 e
1176 1980 1410 2020 summo
1437 1962 1555 2020 iam
1581 1962 1797 2020 vertice
1825 1980 2025 2021 rusum

464 2053 708 2111 volvitur
736 2061 795 2111 et
823 2052 979 2128 plani
1006 2052 1217 2128 raptim
1243 2052 1391 2128 petit
1419 2070 1678 2127 aequora
1705 2053 1918 2128 campi.

465 2143 682 2201 deinde
710 2142 888 2202 animi
916 2143 1199 2217 ingratam
1234 2153 1499 2201 naturam
1528 2161 1770 2219 pascere
1799 2161 2034 2219 semper

466 2243 640 2309 atque
670 2233 903 2307 explere
932 2234 1101 2291 bonis
1129 2233 1307 2291 rebus
1337 2234 1663 2309 satiareque
1693 2252 2034 2309 numquam,

466 2323 627 2399 quod
655 2324 874 2381 faciunt
902 2324 1071 2382 nobis
1100 2342 1389 2382 annorum
1418 2333 1704 2400 tempora,
1735 2324 1957 2383 circum
2157 2342 2282 2395 1005

466 2432 601 2472 eum
629 2413 879 2471 redeunt
906 2414 1174 2489 fetusque
1204 2415 1397 2473 ferunt
1422 2416 1731 2491 variosque
1759 2415 2008 2491 leporeS,

465 2522 577 2562 nec
604 2514 803 2562 tamen
830 2505 1133 2579 explemur
1156 2505 1295 2563 vitai
1322 2506 1604 2565 fructibus
1632 2524 1933 2581 umquam,

464 2594 595 2667 hoe,
624 2604 688 2653 ut
715 2596 943 2670 opinor,
973 2595 1036 2654 id
1064 2605 1173 2667 est,
1192 2601 1351 2654 'aevo
1381 2597 1629 2656 florente
1657 2597 1880 2674 puellas

464 2684 628 2761 quod
656 2695 982 2743 memorant
1009 2686 1243 2743 laticem
1271 2696 1572 2762 pertusum
1600 2705 1917 2764 congerere
1945 2687 2008 2743 in
2033 2704 2152 2757 vas,

464 2774 627 2851 quod
654 2785 850 2833 tamen
880 2776 1101 2851 expleri
1125 2777 1282 2835 nulla
1306 2778 1531 2836 ratione
1558 2788 1840 2854 potestur.
1925 2834 1930 2839 ,
2154 2798 2282 2834 1010

465 2866 751 2923 Cerberus
780 2876 839 2923 et
866 2857 1053 2924 furiae
1077 2866 1195 2924 iam
1219 2886 1361 2925 vero
1389 2877 1451 2926 et
1477 2868 1624 2927 lucis
1653 2878 1899 2945 egestam,

462 2957 731 3013 Tartarus
760 2956 1069 3015 horriferos
1096 2967 1366 3016 eructans
1394 2959 1660 3017 faucibus
1687 2970 1898 3031 aestuS,

463 3046 565 3121 qui
591 3065 784 3121 neque
812 3057 947 3105 sunt
974 3066 1225 3123 usquam
1250 3067 1365 3106 nec
1393 3060 1641 3124 possunt
1669 3069 1797 3108 esse
1825 3050 2110 3127 profecto,

463 3136 570 3194 sed
598 3147 787 3195 metus
814 3138 875 3196 in
901 3138 1021 3196 vita
1044 3156 1366 3214 poenarum
1397 3157 1506 3214 pro
1533 3140 1684 3198 male
1712 3142 1876 3198 sactis

464 3235 553 3284 est
579 3226 898 3303 insignibus
926 3228 1182 3303 insigniS,
1213 3229 1564 3303 scelerisque
1592 3229 1780 3305 luella‚
2151 3248 2277 3303 1015

463 3336 661 3375 carcer
687 3327 748 3377 et
773 3317 1055 3378 horribilis
1083 3318 1160 3378 de
1188 3338 1327 3379 saxo
1355 3320 1533 3379 iactu’
1562 3319 1856 3392 deorsum,

461 3408 702 3467 verbera
728 3410 1031 3467 carnifices
1058 3410 1235 3468 robur
1260 3410 1361 3485 pix
1386 3411 1666 3471 lammina
1691 3412 1898 3470 taedae
1919 3432 1936 3485 3

465 3518 539 3571 qu
547 3518 615 3555 ae
644 3508 842 3555 tamen
872 3500 980 3557 etsi
1008 3500 1235 3573 absunt,
1265 3511 1324 3560 at
1352 3521 1520 3563 mens
1548 3503 1657 3563 sibi
1685 3502 1921 3561 conscia
1949 3502 2114 3561 factis
