2784 3992
509 310 548 357 2
562 310 640 359 10
1182 309 1647 364 LUCRETIUS
2188 309 2320 381 [VI.

506 488 646 543 non,
677 488 836 529 mare
863 470 912 531 si
938 480 1129 530 totum
1155 470 1294 531 velit
1321 470 1515 530 eluere
1543 472 1819 531 omnibus
1846 470 2037 531 undis,

506 561 762 636 denique
791 580 914 622 non
941 579 1083 621 auro
1110 580 1204 621 res
1231 580 1435 621 aurum
1463 563 1703 637 copulat
1730 580 1848 620 una

504 653 737 728 aerique
765 670 866 711 aes
893 651 1137 727 plumbo
1166 652 1232 711 fit
1259 653 1344 711 uti
1371 652 1640 728 iungatur
1668 653 1743 712 ab
1771 653 1948 711 albo?

505 753 699 803 cetera
724 744 840 801 iam
869 761 1048 819 quam
1077 744 1258 801 multa
1284 744 1422 801 licet
1448 743 1700 819 reperire
1728 748 1740 802 l
1774 740 1928 819 'quid
1958 762 2097 821 ergo
2112 747 2140 805 ?
2191 756 2319 807 1080

504 852 614 891 nec
643 834 748 893 tibi
781 844 900 893 tam
928 833 1115 908 longis
1144 852 1294 909 opus
1322 844 1412 892 est
1438 834 1781 909 ambagibus
1810 853 2075 910 usquam,

504 943 615 982 nec
644 943 740 983 me
769 935 890 982 tam
919 924 1160 982 multam
1194 924 1290 981 hic
1319 943 1563 1000 operam
1592 943 1941 983 consumere
1969 944 2074 1000 par
2100 937 2207 1000 est,

502 1014 606 1073 sed
636 1015 881 1074 breviter
911 1015 1111 1089 paucis
1140 1024 1395 1089 praestat
1424 1015 1850 1091 comprendere
1880 1017 2075 1074 multa.

501 1123 751 1180 quorum
780 1106 860 1163 ita
888 1115 1149 1163 texturae
1179 1106 1523 1164 ceciderunt
1550 1116 1755 1165 mutua
1780 1116 2004 1179 contra,

502 1205 565 1253 ut
592 1214 735 1253 cava
761 1196 1114 1254 conveniant
1139 1196 1330 1271 plenis
1360 1196 1509 1255 haec
1538 1196 1686 1255 illius
1715 1196 1811 1256 illa
2189 1207 2313 1273 1085

500 1285 788 1361 huiusque
818 1286 970 1345 inter
995 1304 1078 1358 se,
1107 1287 1373 1345 iunctura
1402 1286 1548 1346 haec
1579 1288 1804 1363 optima
1830 1297 2077 1348 constat.

500 1386 587 1451 est
614 1376 808 1448 etiam,
837 1376 1003 1451 quasi
1031 1387 1095 1435 ut
1121 1377 1322 1436 anellis
1349 1376 1655 1454 hamisque
1684 1379 1899 1454 plicata

499 1467 648 1524 inter
675 1485 737 1525 se
766 1466 1058 1542 quaedam
1089 1468 1316 1543 possint
1341 1468 1579 1544 coplata
1604 1470 1790 1528 teneri
1809 1490 1855 1542 3-

499 1556 664 1633 quod
691 1558 874 1633 magis
903 1558 964 1615 in
991 1558 1186 1633 lapide
1216 1558 1333 1617 hoc
1367 1558 1491 1617 fieri
1521 1560 1790 1635 ferroque
1817 1559 2063 1619 videtur.

579 1648 757 1707 Nunc
783 1648 930 1707 ratio
960 1666 1112 1723 quae
1140 1649 1212 1708 sit
1233 1650 1453 1708 morbis
1480 1659 1580 1707 aut
1609 1648 1767 1707 unde
1795 1660 2038 1725 repente
2184 1674 2313 1728 1090

499 1739 851 1797 mortiferam
881 1740 1065 1814 possit
1093 1739 1323 1797 cladem
1355 1740 1609 1798 conflare
1638 1749 1841 1798 coorta

497 1829 768 1887 morbida
795 1830 880 1888 vis
909 1830 1217 1889 hominum
1245 1832 1445 1906 generi
1473 1831 1894 1907 pecudumque
1923 1836 2188 1907 caterviS‚

497 1920 828 1995 expediam.
858 1920 1110 1996 primum
1141 1922 1446 1979 multarum
1477 1922 1701 1993 semina
1727 1940 1921 1981 rerum

497 2029 624 2068 esse
653 2029 828 2088 supra
855 2011 1033 2071 docui
1063 2031 1213 2087 quae
1243 2012 1356 2070 sint
1384 2013 1577 2069 vitalia
1606 2012 1791 2083 nobiS,

497 2111 555 2159 et
584 2112 788 2160 contra
815 2121 968 2177 quae
995 2103 1110 2161 sint
1139 2103 1346 2161 morbo
1375 2103 1666 2177 mortique
1696 2114 1994 2164 necessest
2182 2126 2304 2181 ¹095

495 2193 674 2250 multa
700 2194 912 2251 volare.
943 2212 1015 2253 ea
1040 2212 1178 2251 cum
1206 2212 1347 2251 casu
1376 2203 1512 2251 sunt
1540 2194 1687 2251 forte
1717 2204 1923 2254 coorta

385 2276 393 2283 ’
495 2292 555 2340 et
581 2284 985 2357 perturbarunt
1013 2284 1257 2356 caelum,
1288 2284 1353 2341 fit
1379 2284 1680 2343 morbidus
1708 2287 1825 2344 aer.

494 2382 670 2447 atque
701 2392 771 2431 ea
799 2375 883 2431 vis
912 2375 1104 2433 omnis
1133 2375 1469 2433 morborum
1502 2375 1903 2450 pestilitasque

493 2473 593 2521 aut
621 2464 979 2522 extrinsecus
1008 2474 1074 2524 ut
1099 2466 1286 2523 nubes
1315 2465 1684 2540 nebulaeque
1712 2483 1967 2541 superne

492 2571 598 2629 per
624 2554 852 2612 caelum
879 2556 1138 2625 veniunt,
1169 2565 1268 2613 aut
1296 2556 1424 2629 ipsa
1452 2574 1629 2631 saepe
1658 2565 1897 2615 coortae
2181 2578 2305 2616 1100

493 2643 570 2702 de
599 2654 750 2702 terra
777 2656 1036 2721 surgunt,
1065 2646 1167 2703 ubi
1193 2655 1465 2721 putorem
1496 2646 1699 2705 umida
1726 2656 1952 2706 nactast

493 2735 912 2810 intempestivis
939 2736 1262 2812 pluviisque
1293 2746 1353 2795 et
1380 2738 1599 2796 solibus
1628 2738 1761 2797 icta.

491 2844 690 2884 nonne
718 2825 881 2884 vides
911 2827 1086 2884 etiam
1115 2828 1262 2885 caeli
1292 2828 1551 2886 novitate
1581 2838 1640 2887 et
1668 2846 1950 2903 aquarum

492 2917 761 2991 temptari
791 2918 997 2992 procul
1023 2936 1060 2974 a
1085 2918 1270 2991 patria
1297 2918 1657 2994 quicumque
1687 2919 1989 2996 domoque

489 3006 806 3065 adveniunt
832 3007 970 3065 ideo
998 3008 1136 3082 quia
1162 3008 1336 3083 longe
1365 3008 1744 3084 discrepitant
1771 3012 1906 3068 res?
2178 3027 2293 3081 1105

491 3115 630 3153 nam
661 3097 803 3171 quid
832 3099 1116 3156 Brittanni
1145 3099 1373 3157 caelum
1403 3099 1631 3158 differre
1660 3110 1953 3175 putamuS‚

491 3197 550 3244 et
579 3186 744 3262 quod
773 3189 833 3245 in
861 3190 1129 3264 Aegypto
1159 3199 1246 3247 est
1275 3209 1391 3265 qua
1420 3190 1623 3248 mundi
1654 3190 1947 3249 claudicat
1973 3192 2116 3262 axiS‚

493 3278 707 3352 quidve
738 3279 901 3353 quod
931 3280 988 3336 in
1022 3282 1210 3337 Ponto
1240 3290 1328 3338 est
1356 3280 1605 3353 differre,
1636 3291 1695 3339 et
1724 3281 1991 3341 Gadibus
2018 3291 2192 3356 atque

489 3387 674 3442 usque
702 3368 779 3426 ad
808 3370 971 3443 nigra
998 3371 1181 3427 virum
1211 3381 1491 3445 percocto
1522 3373 1713 3430 saecla
1738 3373 1980 3431 colore?

491 3474 642 3529 quae
677 3476 812 3513 cum
842 3468 1120 3532 quattuor
1157 3460 1309 3517 inter
1337 3480 1402 3519 se
1432 3460 1658 3520 diversa
1684 3462 1955 3523 videmus
2171 3478 2285 3518 1110

491 3554 764 3618 quattuor
790 3565 826 3603 a
852 3547 1038 3605 ventis
1067 3557 1127 3605 et
1153 3550 1300 3607 caeli
1326 3552 1587 3624 partibus
1615 3570 1759 3622 esse,
