2784 3992
506 304 587 367 88
1173 316 1636 371 LUCRETms
2167 315 2312 386 [111.

503 489 563 537 et
589 480 734 556 lapis
761 498 1089 556 oppressuS,
1120 480 1295 538 subiit
1323 480 1371 537 si
1398 497 1431 537 e
1461 478 1735 555 frugibuS,
1766 496 1950 554 asper.
2215 485 2315 551 690

504 590 682 646 quare
706 572 881 629 etiam
904 581 1080 645 atque
1102 571 1277 628 etiam
1301 588 1497 644 neque
1521 570 1758 645 originis
1781 588 1908 628 esse
1932 568 2316 644 putandumst

503 663 755 737 expertis
783 663 1005 719 animas
1034 679 1146 719 nec
1175 660 1271 719 len·
1300 662 1428 736 lege
1457 648 1692 718 solutas.
2105 656 2114 661 ’

500 770 639 811 nam
666 771 862 827 neque
890 761 1054 809 tanto
1083 768 1263 826 opere
1292 750 1532 808 adnecti
1560 750 1820 825 potuisse
1850 749 2234 826 putandumst

501 843 843 918 corporibus
872 842 1081 900 nostris
1110 836 1468 899 extrinsecus
1498 841 1830 912 insinuatas„

500 951 632 1006 nec,
661 942 783 991 tam
808 941 1121 991 contextae
1152 951 1289 990 cum
1316 932 1450 1003 sint,
1480 930 1640 989 exire
1668 930 1939 989 videntur
2215 938 2313 1004 695

500 1023 823 1081 incolumes
851 1041 1025 1098 posse
1055 1032 1115 1081 et
1142 1022 1325 1081 salvas
1354 1021 1652 1080 exsolvere
1682 1040 1810 1080 sese

501 1114 771 1172 omnibus
800 1131 834 1171 e
863 1112 1054 1172 nervis
1082 1123 1258 1187 atque
1288 1113 1515 1173 ossibus
1545 1112 1936 1187 articulisque.

500 1204 665 1279 quod
693 1204 741 1263 si
767 1204 915 1263 sorte
944 1205 1115 1279 putas
1144 1204 1502 1262 extrinsecus
1530 1203 1883 1262 insinuatam

498 1311 840 1370 permanare
870 1295 1125 1352 animam
1153 1294 1325 1353 nobis
1353 1311 1460 1369 per
1488 1286 1754 1352 membra
1781 1294 1987 1366 solere,

499 1395 663 1443 tanto
692 1386 909 1460 quique
939 1385 1124 1461 magis
1152 1403 1289 1442 cum
1319 1376 1566 1460 corpore
1597 1386 1724 1443 fusa
1750 1385 1981 1460 peribit.
2218 1406 2316 1453 700

500 1476 663 1551 quod
690 1485 993 1551 permanat
1022 1476 1179 1533 enim
1208 1474 1556 1548 dissolvitur,
1587 1475 1781 1534 interit
1809 1492 1966 1551 ergo.

500 1566 831 1643 dispertitus
860 1566 1018 1624 enim
1046 1584 1152 1642 per
1180 1566 1374 1624 caulas
1403 1566 1666 1640 corporis
1694 1566 1885 1624 omnis

498 1666 563 1714 ut
591 1657 775 1728 cibuS,
804 1658 867 1714 in
893 1657 1158 1723 membra
1184 1666 1359 1731 atque
1390 1667 1546 1715 artus
1577 1674 1713 1714 cum
1748 1654 1970 1715 diditur
1997 1656 2210 1729 omniS,

500 1746 740 1822 disperit
765 1756 942 1821 atque
969 1747 1141 1806 aliam
1168 1756 1436 1831 naturam
1465 1746 1676 1805 sufficit
1703 1764 1779 1805 ex
1805 1764 1888 1819 se,

498 1838 582 1896 sic
613 1838 806 1895 anima
832 1847 1009 1913 atque
1038 1839 1267 1896 animus
1297 1838 1562 1912 quamvis
1593 1838 1818 1913 integra
1847 1854 2055 1897 recens
2084 1837 2146 1895 in
2216 1856 2311 1909 705

500 1946 711 2003 corpus
742 1938 900 2000 eunt,
930 1938 1129 1986 tamen
1157 1929 1219 1986 in
1247 1927 1544 1987 manando
1576 1928 1990 2001 dissoluuntur,

500 2019 642 2078 dum
671 2020 837 2094 quasi
863 2037 970 2095 per
998 2020 1191 2078 caulas
1221 2021 1412 2078 omnis
1439 2019 1722 2078 diduntur
1749 2020 1811 2077 in
1837 2030 1992 2078 artus

498 2110 811 2186 particulae
840 2111 1053 2186 quibus
1081 2111 1229 2168 haec
1258 2111 1441 2168 animi
1470 2120 1676 2169 natura
1704 2119 1950 2182 creatur,

499 2219 649 2276 quae
677 2220 836 2259 nunc
865 2201 926 2258 in
953 2212 1155 2259 nostro
1185 2200 1522 2260 dominatur
1550 2219 1798 2277 corpore
1826 2210 1965 2259 nata

498 2309 573 2349 ex
599 2292 694 2349 illa
720 2309 872 2366 quae
900 2301 1026 2349 turn
1055 2292 1227 2367 periit
1258 2292 1470 2366 partita
1496 2310 1604 2367 per
1631 2302 1802 2350 artus.
2215 2310 2317 2359 710

498 2392 855 2457 quapropter
880 2399 1075 2457 neque
1106 2383 1281 2440 natali
1309 2383 1533 2457 privata
1560 2382 1792 2441 videtur

498 2491 626 2531 esse
655 2471 753 2531 die
780 2481 985 2530 natura
1010 2474 1241 2530 animae
1270 2491 1383 2530 nec
1414 2473 1629 2531 funeris
1659 2491 1886 2549 expers,

575 2564 811 2623 Semina
838 2572 1141 2637 praeterea
1166 2563 1506 2638 linquontur
1533 2582 1724 2621 necne
1753 2564 1971 2622 animai

498 2671 744 2729 corpore
773 2654 836 2712 in
863 2653 1179 2712 exanimo?
1223 2654 1385 2728 quod
1415 2654 1464 2712 si
1491 2654 1786 2712 lincuntur
1814 2664 1873 2712 et
1901 2654 2113 2725 insunt,

499 2744 637 2802 haut
666 2744 772 2802 erit
800 2752 864 2800 ut
892 2743 1098 2802 merito
1127 2743 1446 2801 inmortalis
1475 2745 1659 2819 possit
1686 2745 1904 2817 haberi,
2214 2765 2273 2812 71
2282 2763 2311 2819 5

498 2834 754 2908 partibus
783 2832 1006 2891 amissis
1037 2833 1315 2907 quoniam
1346 2834 1524 2891 libata
1552 2835 1808 2893 recessit.

498 2925 584 2982 sin
616 2924 693 2981 ita
720 2923 957 2982 sinceris
987 2924 1263 2982 membris
1294 2924 1486 2983 ablata
1513 2924 1767 3000 profugit

498 3025 560 3073 ut
588 3014 771 3074 nullas
800 3014 979 3090 partis
1007 3014 1069 3072 in
1100 3033 1346 3090 corpore
1379 3015 1612 3090 liquerit
1641 3034 1714 3073 ex
1742 3033 1825 3087 se,

498 3104 655 3162 unde
686 3104 971 3166 cadavera
999 3106 1261 3164 rancenti
1290 3107 1406 3163 iam
1434 3106 1654 3163 viscere
1683 3123 1910 3165 vermes

498 3194 760 3270 expirant
786 3206 962 3271 atque
992 3196 1152 3255 unde
1181 3196 1544 3254 animantum
1572 3197 1746 3272 copia
1772 3206 1934 3257 tanta
2216 3217 2316 3266 720

499 3304 639 3343 exos
669 3296 727 3343 et
755 3285 1035 3360 exanguis
1063 3286 1320 3345 tumidos
1351 3287 1698 3361 perfluctuat
1726 3289 1923 3347 artus?

498 3375 660 3451 quod
689 3376 737 3434 si
767 3374 913 3433 forte
943 3375 1169 3434 animas
1199 3377 1558 3435 extrinsecus
1590 3378 1862 3437 insinuari

499 3466 791 3525 vermibus
816 3475 877 3524 et
906 3465 1095 3542 privas
1124 3467 1182 3523 in
1214 3485 1461 3553 corp-ora
1488 3485 1660 3542 posse
1689 3469 1886 3527 venire

498 3556 689 3615 credis
717 3576 828 3615 nec
856 3566 1090 3635 reputas
1118 3575 1223 3615 cur
1250 3557 1408 3615 milia
1434 3558 1616 3616 multa
1643 3559 1968 3617 animarum
