2784 3992
491 336 626 409 v1.]
969 337 1078 392 DE
1130 335 1426 393 RERUM
1483 338 1825 392 NATURA
2178 340 2301 408 215

493 499 631 559 inde
659 501 880 560 bonam
909 510 1134 577 partem
1161 500 1223 559 in
1250 501 1472 559 lectum
1502 518 1765 559 maerore
1796 499 2102 560 dabantur.

491 610 604 650 nec
632 602 860 667 poterat
882 593 1189 667 quisquam
1210 592 1465 667 reperiri,
1488 609 1666 667 quem
1690 609 1884 667 neque
1907 594 2147 653 morbus
2180 613 2307 667 1250

491 700 603 740 nec
633 700 788 740 mors
815 701 928 741 nec
957 684 1145 741 luctus
1173 692 1488 758 temptaret
1515 691 1783 757 tempore
1813 683 1929 741 tah'.

572 774 878 831 Praeterea
904 774 1019 830 iam
1049 783 1247 848 pastor
1275 783 1334 831 et
1361 773 1743 831 armentarius
1772 774 1964 832 omnis

491 871 550 920 et
577 863 846 921 robustus
875 864 1016 921 item
1047 864 1205 921 curvi
1234 863 1571 922 moderator
1599 863 1771 921 aratri

488 952 815 1028 languebat,
847 954 1197 1030 penitusque
1227 972 1364 1011 casa
1392 963 1667 1011 contrusa
1694 954 1965 1012 iacebant

487 1061 737 1118 corpora
763 1054 1104 1119 paupertate
1133 1054 1192 1102 et
1220 1044 1430 1103 morbo
1460 1042 1664 1102 dedita
1692 1044 1881 1104 morti.
2180 1064 2300 1119 1255

487 1134 764 1193 exanimis
792 1135 986 1210 pueris
1016 1152 1192 1211 super
1219 1135 1550 1193 exanimata
1577 1144 1887 1210 parentum

486 1242 734 1299 corpora
759 1244 1204 1301 nonnumquam
1234 1242 1441 1301 posses
1468 1234 1741 1301 retroque
1768 1225 1968 1285 videre

484 1315 761 1373 matribus
791 1325 850 1374 et
877 1316 1138 1392 patribus
1165 1326 1335 1375 natos
1365 1334 1540 1391 super
1570 1314 1749 1374 edere
1777 1316 1978 1375 vitam.

483 1422 596 1462 nec
623 1406 924 1465 minimam
953 1416 1182 1482 partem
1217 1425 1293 1465 ex
1319 1407 1471 1482 agris
1500 1407 1548 1465 is
1578 1425 1807 1464 maeror
1836 1406 1896 1465 in
1924 1406 2130 1466 urbem

483 1496 780 1568 confluxit,
811 1498 1094 1572 languens
1123 1516 1302 1574 quem
1331 1498 1580 1555 contulit
1608 1497 1991 1573 agricolarum
2171 1505 2300 1557 1260

482 1586 656 1661 oopia
682 1588 1040 1645 conveniens
1069 1606 1143 1645 ex
1171 1588 1333 1647 omni
1362 1586 1633 1646 morbida
1660 1597 1840 1662 parte.

481 1677 681 1735 omnia
709 1678 1067 1754 conplebant
1093 1677 1229 1737 loca
1257 1687 1533 1753 tectaque
1555 1698 1573 1751 3
1604 1696 1726 1754 quo
1756 1679 1940 1754 magis
1971 1688 2165 1738 aestus

479 1859 773 1919 confertos
801 1860 880 1917 ita
906 1860 1218 1917 acervatim
1248 1877 1407 1917 mors
1435 1858 1857 1917 accumulabat.

477 1949 658 2008 multa
684 1951 777 2009 siti
804 1960 1096 2025 protracta
1122 1950 1274 2008 viam
1303 1968 1411 2025 per
1438 1967 1663 2025 proque
1693 1949 1891 2007 voluta

477 2059 724 2117 corpora
751 2042 962 2100 silanos
991 2040 1068 2099 ad
1095 2059 1377 2115 aquarum
1406 2050 1581 2098 strata
1609 2040 1881 2098 iacebant
2167 2048 2289 2114 1265

476 2114 1009 2191 interclusffiima
1034 2132 1215 2189 nimia
1241 2132 1316 2189 ab
1345 2129 1661 2188 dulcedine
1690 2148 1990 2206 aquarum,

476 2222 774 2298 multaque
801 2239 909 2298 per
935 2222 1138 2298 populi
1166 2222 1383 2297 passim
1413 2222 1543 2278 loca
1570 2230 1846 2296 prompta
1873 2222 2115 2296 viasque

475 2312 748 2389 languida
776 2314 1102 2371 semanimo
1133 2331 1270 2370 cum
1300 2330 1548 2387 corpore
1580 2312 1846 2369 membra
1873 2311 2103 2371 videres

473 2402 708 2463 horrida
733 2403 991 2479 paedore
1022 2412 1080 2461 et
1107 2404 1316 2479 pannis
1345 2412 1627 2477 cooperta
1655 2402 1844 2477 perire

472 2494 735 2570 corporis
763 2494 994 2566 inluvie,
1025 2494 1162 2569 pelli
1191 2512 1367 2569 super
1395 2493 1623 2552 ossibus
1652 2510 1789 2565 una,
2161 2514 2288 2561 1270

469 2585 760 2643 ulceribus
791 2585 984 2643 taetris
1013 2603 1199 2660 prope
1229 2585 1346 2642 iam
1374 2582 1652 2658 sordique
1680 2583 1926 2658 sepulta.

469 2676 672 2733 omnia
699 2675 956 2750 denique
988 2685 1190 2734 sancta
1220 2674 1399 2733 deum
1432 2673 1673 2732 delubra
1701 2674 1951 2749 replerat

469 2767 811 2842 corporibus
841 2784 996 2824 mors
1025 2766 1304 2824 exanimis
1334 2774 1692 2839 onerataque
1721 2765 1939 2840 passim

467 2866 685 2915 cuncta
711 2855 1088 2915 cadaveribus
1116 2857 1433 2914 caelestum
1463 2855 1685 2933 templa
1712 2855 2046 2927 manebant,

468 2947 795 3022 hospitibus
823 2948 956 3005 loca
983 2966 1134 3021 quae
1165 2947 1530 3022 complerant
1558 2946 1942 3004 aedituenteS.
2159 2965 2281 3017 1275

466 3056 582 3095 nec
610 3038 725 3095 iam
754 3038 954 3112 religio
983 3037 1182 3095 divom
1211 3056 1323 3095 nec
1353 3036 1594 3095 numina
1623 3036 1818 3112 magni
2100 3048 2109 3056 ·

465 3128 878 3203 pendebantur
905 3128 1059 3185 enim
1087 3150 1098 3185 :
1143 3145 1419 3202 praesens
1448 3126 1615 3185 dolor
1643 3126 2042 3202 exsuperabat.

465 3237 580 3277 nec
611 3236 739 3277 mos
768 3218 860 3276 ille
890 3219 1218 3293 sepulturae
1247 3218 1587 3276 remanebat
1615 3218 1676 3275 in
1705 3218 1866 3289 urbe,

465 3328 588 3385 quo
617 3308 747 3384 pius
775 3309 871 3368 hic
898 3309 1149 3384 populus
1178 3326 1412 3383 semper
1440 3316 1749 3366 cons'uerat
1776 3307 2001 3366 humari
2020 3327 2038 3380 3

465 3400 835 3476 perturbatus
865 3400 1022 3457 enim
1049 3409 1206 3458 totus
1235 3397 1582 3474 trepidabat,
1614 3408 1674 3456 et
1700 3417 1851 3457 unus
2154 3402 2279 3452 1280

465 3491 720 3567 quisque
749 3509 918 3549 suum
948 3508 1054 3565 pro
1083 3508 1144 3547 re
1173 3490 1464 3565 praesenti
1492 3499 1747 3547 maestus
1777 3488 2070 3547 humabat.
