2784 3992
539 297 638 369 v.]
1024 297 1135 351 DE
1186 296 1480 351 RERUM
1534 295 1878 352 NATURA
2219 278 2255 343 ‘1
2271 294 2301 361 5
2311 294 2350 361 7

540 456 777 516 distinet
804 466 1057 533 aequato
1084 455 1312 514 caelum
1341 455 1673 515 discrimine
1703 465 1889 516 metas
2251 462 2350 528 690

539 558 777 624 propter
803 548 1055 623 signiferi
1082 548 1399 623 posituram
1428 547 1604 605 totius
1633 547 1805 619 orbiS,

540 657 733 696 annua
760 639 846 697 sol
873 639 935 695 in
962 656 1084 713 quo
1111 636 1418 697 concludit
1445 647 1711 712 tempora
1737 656 2000 713 serpenS,

540 729 780 804 obliquo
809 738 987 786 terras
1014 737 1074 786 et
1101 716 1329 786 caelum
1358 728 1577 786 lumine
1607 729 1873 802 lustranS,

540 828 604 876 ut
630 820 776 877 ratio
804 818 1060 877 declarat
1086 836 1291 876 eorum
1320 819 1423 894 qui
1450 819 1582 877 loca
1607 818 1754 876 caeli

540 909 739 967 omnia
766 909 1060 984 dispositis
1087 909 1265 985 signis
1291 919 1498 967 ornata
1525 917 1814 967 notarunt.
2252 915 2348 982 695

539 1014 639 1059 aut
666 1003 803 1077 quia
830 1003 1073 1061 crassior
1098 1010 1185 1060 est
1212 1001 1383 1060 certis
1413 1002 1473 1059 in
1500 1002 1755 1077 partibus
1783 1001 1899 1073 aer,

540 1093 647 1150 sub
675 1093 835 1150 terris
863 1091 1001 1151 ideo
1028 1092 1339 1151 tremulum
1369 1093 1536 1151 iubar
1563 1092 1808 1149 haesitat
1836 1090 1984 1166 ignis

540 1201 651 1240 nec
682 1192 985 1258 penetrare
1012 1192 1210 1259 potest
1236 1182 1404 1241 facile
1433 1192 1610 1258 atque
1641 1200 1938 1257 emergere
1966 1180 2044 1239 ad
2071 1191 2253 1241 ortus.

540 1284 850 1349 propterea
877 1282 1083 1331 noctes
1114 1273 1359 1332 hiberno
1389 1283 1655 1348 tempore
1684 1273 1895 1347 longae

541 1373 789 1433 cessant,
820 1361 962 1421 dum
988 1364 1184 1422 veniat
1209 1362 1496 1421 radiatum
1524 1364 1748 1437 insigne
1778 1361 1914 1421 diei.
2249 1383 2349 1446 ⁷.⁰⁰

540 1442 640 1513 a‘ut
668 1455 862 1525 etiam,
890 1454 1031 1530 quia
1056 1454 1141 1511 sic
1170 1454 1402 1512 alternis
1430 1454 1688 1529 partibus
1717 1452 1854 1511 anni

540 1544 755 1603 tardius
784 1554 844 1602 et
864 1544 1033 1603 citius
1062 1553 1419 1602 consuerunt
1439 1544 1733 1605 confluere
1761 1544 1926 1618 ignes

541 1635 643 1711 qui
669 1636 890 1693 faciunt
916 1636 1101 1693 solem
1130 1644 1286 1693 certa
1315 1633 1625 1710 desurgere
1662 1642 1842 1709 parte,

540 1736 850 1802 propterea
878 1726 942 1783 fit
970 1727 1054 1784 uti
1080 1724 1389 1784 videantur
1417 1725 1614 1784 dicere
1642 1743 1843 1783 verum

624 1909 789 1967 Luna
814 1916 1010 1982 potest
1036 1907 1173 1965 solis
1199 1905 1372 1964 radiis
1401 1924 1678 1981 percussa
1704 1906 1888 1963 nitere
2257 1923 2349 1977 705

540 1999 717 2073 inque
748 1998 872 2056 dies
900 1998 1084 2073 magis
1112 1996 1175 2054 id
1202 1998 1402 2054 lumen
1432 2006 1770 2054 convertere
1799 1994 1970 2055 nobis

540 2088 617 2147 ad
646 2090 923 2164 speciem,
954 2097 1235 2163 quantum
1265 2086 1402 2145 solis
1429 2086 1654 2144 secedit
1682 2088 1756 2145 ab
1785 2086 1927 2157 orbi,

540 2178 800 2255 donique
830 2197 965 2237 eum
993 2187 1199 2236 contra
1224 2178 1402 2252 pleno
1429 2178 1582 2250 bene
1615 2178 1831 2235 lumine
1859 2176 2013 2235 fulsit

541 2279 716 2344 atque
745 2270 937 2327 oriens
965 2270 1159 2329 obitus
1188 2267 1312 2326 eius
1341 2286 1517 2343 super
1544 2267 1702 2326 edita
1729 2266 1910 2340 vidit3

542 2359 681 2418 inde
711 2360 1039 2418 minutatim
1068 2369 1221 2417 retro
1250 2359 1416 2434 quasi
1446 2358 1702 2416 condere
1732 2358 1931 2415 lumen
2256 2377 2352 2425 710

542 2449 721 2509 debet
750 2450 907 2521 item,
939 2460 1160 2525 quanto
1190 2450 1432 2525 propius
1461 2450 1574 2507 iam
1604 2449 1742 2507 solis
1771 2446 1848 2506 ad
1876 2448 2073 2523 ignem

542 2540 747 2599 labitur
775 2558 845 2597 ex
874 2540 985 2597 alia
1012 2542 1307 2615 signorum
1334 2548 1497 2615 parte
1526 2557 1631 2614 per
1657 2540 1861 2597 orbem
1882 2558 1901 2611 ;

540 2640 607 2689 ut
634 2629 868 2701 faciunt,
899 2632 1096 2689 lunam
1126 2632 1227 2706 qui
1256 2632 1483 2707 fingunt
1509 2648 1636 2689 esse
1667 2629 1804 2705 pilai

542 2721 905 2779 consimilem
936 2738 1255 2796 cursusque
1282 2722 1440 2779 viam
1468 2721 1577 2780 sub
1605 2721 1726 2778 sole
1756 2729 1976 2779 tenere.

542 2820 631 2869 est
659 2812 833 2869 etiam
861 2829 1037 2886 quare
1067 2812 1305 2885 proprio
1334 2830 1470 2869 cum
1501 2810 1718 2869 lumine
1747 2809 1930 2885 possit
2255 2828 2346 2879 715

541 2901 757 2959 volvier
784 2911 843 2959 et
870 2902 1051 2959 varias
1081 2900 1406 2976 splendoris
1434 2902 1682 2959 reddere
1714 2902 1944 2959 formas·

542 3010 755 3068 corpus
785 2992 940 3049 enim
968 2992 1104 3049 licet
1132 3010 1258 3049 esse
1288 2992 1449 3050 aliud
1479 2992 1642 3067 quod
1673 2993 1850 3049 fertur
1877 3000 1937 3050 et
1965 3008 2084 3049 una

541 3081 747 3140 labitur
774 3081 1129 3141 omnimodis
1158 3100 1473 3141 occursans
1503 3083 1889 3157 officiensque

540 3192 653 3232 nec
681 3176 833 3249 potis
863 3185 949 3232 est
980 3176 1156 3246 cerni,
1188 3175 1325 3249 quia
1350 3194 1581 3233 cassum
1611 3176 1829 3233 lumine
1861 3176 2055 3233 fertur.

538 3264 866 3340 versarique
894 3274 1106 3340 potest,
1135 3265 1340 3339 globus
1368 3276 1452 3339 ut,
1481 3266 1528 3323 si
1558 3266 1722 3337 forte,
1753 3267 1888 3341 pilai
2252 3284 2346 3332 720

540 3353 781 3413 dimidia
808 3372 882 3413 ex
908 3356 1055 3431 parti
1083 3354 1357 3413 candenti
1384 3357 1601 3414 lumine
1631 3357 1862 3429 tinctuS,

538 3444 942 3520 versandoque
970 3446 1209 3521 globum
1235 3447 1505 3504 variantis
1533 3446 1709 3504 edere
1738 3447 1970 3519 formas,

540 3534 798 3612 donique
828 3555 959 3594 eam
988 3546 1231 3612 partem,
1263 3555 1671 3611 quaecumque
1702 3546 1788 3594 est
1815 3538 2044 3611 ignibus
2073 3544 2263 3609 aucta,
