2784 3992
539 321 657 368 122
1204 316 1666 371 LUCRETIUS
2205 314 2340 385 [ιν.

531 487 833 553 praeterea
860 476 1195 536 meminisse
1225 478 1377 535 iacet
1403 477 1755 552 languetque
1784 493 1996 552 sopore
2249 482 2342 547 765

531 587 643 627 nec
672 567 938 626 dissentit
967 587 1105 626 eum
1134 568 1333 626 mortis
1363 568 1579 642 letique
1610 567 1862 642 potitum

530 660 645 717 iam
675 658 923 735 pridem,
954 677 1133 733 quem
1163 677 1330 716 mens
1357 659 1552 716 vivom
1582 676 1644 716 se
1675 674 1911 715 cernere
1940 656 2145 715 credit.

531 750 694 825 quod
723 759 1001 825 superest,
1032 768 1155 808 non
1184 760 1271 807 est
1300 750 1509 806 mirum
1537 749 1842 806 simulacra
1868 748 2088 806 moveri

528 841 917 916 bracchiaque
946 841 1006 899 in
1034 858 1342 898 numerum
1371 840 1584 897 iactare
1615 849 1674 898 et
1702 849 1896 897 cetera
1922 840 2186 897 membra
2208 859 2226 911 3

528 950 665 988 nam
695 932 761 989 fit
787 942 851 990 ut
878 932 939 990 in
968 930 1188 990 somnis
1218 930 1409 988 facere
1439 930 1554 988 hoc
1582 929 1847 988 videatur
1872 930 2068 1005 imago
2089 950 2107 1002 ;
2252 949 2349 996 770

530 1023 750 1098 quippe
780 1023 879 1081 ubi
908 1023 1095 1097 prima
1121 1022 1271 1097 perit
1300 1021 1533 1095 alioque
1563 1030 1652 1079 est
1680 1021 1859 1079 altera
1886 1030 2024 1078 nata

530 1112 667 1170 inde
696 1123 865 1185 statu,
896 1114 1053 1188 prior
1080 1113 1175 1171 hic
1204 1120 1436 1188 gestum
1465 1120 1720 1170 mutasse
1747 1110 1993 1170 videtur.

530 1204 749 1261 scilicet
777 1203 838 1261 id
866 1204 987 1261 fieri
1019 1204 1193 1261 celeri
1222 1203 1446 1261 ratione
1475 1201 1896 1278 putandumst:

529 1303 691 1352 tanta
717 1304 805 1352 est
832 1295 1120 1353 mobilitas
1150 1304 1210 1353 et
1236 1312 1431 1352 rerum
1461 1293 1637 1369 copia
1663 1303 1824 1352 tanta

527 1394 803 1459 tantaque
834 1386 1089 1444 sensibili
1118 1386 1325 1461 quovis
1354 1395 1444 1444 est
1472 1394 1738 1460 tempore
1766 1384 1830 1441 in
1856 1401 1977 1443 uno
2251 1402 2344 1457 775

527 1476 702 1550 copia
729 1477 1155 1551 particularum,
1186 1487 1249 1534 ut
1277 1477 1462 1552 possit
1491 1474 1888 1551 suppeditare.

610 1564 948 1643 [Multaque
978 1568 1038 1624 in
1065 1567 1155 1625 his
1182 1568 1355 1625 rebus
1384 1576 1741 1642 quaeruntur
1767 1566 2066 1641 multaque
2093 1566 2267 1625 nobis

526 1659 935 1733 clarandumst,
965 1660 1137 1735 plane
1166 1660 1213 1717 si
1240 1678 1334 1719 res
1361 1678 1660 1735 exponere
1688 1677 1946 1718 avemuS.

526 1751 819 1824 quaeritur
846 1751 904 1808 in
933 1751 1132 1826 primis
1161 1768 1361 1825 quare,
1391 1750 1557 1825 quod
1585 1750 1801 1824 cuique
1831 1748 2015 1809 libido

524 1841 764 1914 venerit,
795 1841 1093 1916 extemplo
1124 1859 1293 1899 mens
1321 1840 1542 1916 cogitet
1571 1842 1695 1899 eius
1725 1839 1787 1898 id
1815 1840 2028 1915 ipsum.
2253 1847 2349 1909 780

524 1949 677 1988 anne
705 1932 1063 1990 voluntatem
1092 1940 1348 1990 nostram
1378 1932 1684 1989 simulacra
1709 1940 1943 1989 tuentur

526 2031 584 2080 et
611 2022 780 2080 simul
807 2042 878 2080 ac
906 2022 1172 2080 volumus
1200 2022 1371 2081 nobis
1401 2023 1652 2079 occurrit
1679 2022 1892 2097 imag0,

525 2112 572 2171 si
600 2131 779 2184 mare,
810 2114 857 2171 si
887 2123 1092 2171 terrast
1120 2112 1305 2185 cordi,
1336 2114 1384 2171 si
1414 2112 1669 2189 denique
1699 2113 1927 2171 caelum
1942 2113 1971 2170 Ρ

523 2212 847 2261 conventus
876 2204 1182 2261 hominum
1210 2221 1494 2279 pompam
1522 2203 1789 2261 convivia
1814 2221 2059 2279 pugnas,

525 2294 725 2351 omnia
754 2294 862 2352 sub
889 2295 1145 2352 verbone
1176 2304 1336 2351 creat
1364 2303 1570 2351 natura
1599 2303 1880 2368 paratque
1896 2295 1924 2352 ?
2248 2301 2340 2365 785

525 2403 659 2441 cum
690 2386 1029 2460 praesertim
1059 2386 1181 2443 aliis
1211 2384 1425 2443 eadem
1453 2386 1514 2442 in
1542 2386 1781 2460 regione
1810 2384 2066 2461 locoque

524 2475 698 2551 longe
728 2475 1017 2535 dissimilis
1047 2477 1275 2534 animus
1303 2494 1395 2533 res
1425 2476 1645 2551 cogitet
1672 2475 1881 2535 omnis,

526 2565 670 2641 quid
697 2584 893 2641 porro,
922 2567 983 2624 in
1012 2585 1321 2624 numerum
1351 2566 1677 2642 procedere
1707 2585 1844 2624 cum
1874 2566 2179 2625 simulacra

526 2657 818 2715 cernimus
846 2658 907 2715 in
936 2658 1155 2715 somnis
1186 2666 1245 2715 et
1272 2658 1469 2715 mollia
1495 2658 1760 2715 membra
1787 2675 2042 2729 movere,

527 2747 722 2805 mollia
749 2747 1038 2806 mobiliter
1065 2766 1202 2806 cum
1231 2748 1464 2806 alternis
1494 2747 1766 2806 bracchia
1794 2748 2032 2806 mittunt
2247 2766 2344 2821 790

528 2847 586 2895 et
613 2847 884 2913 repetunt
912 2839 1096 2896 oculis
1122 2847 1351 2913 gestum
1379 2837 1537 2914 pede
1567 2838 1982 2897 convenienti?

522 2928 748 2993 scilicet
775 2938 895 2986 arte
925 2927 1167 2986 madent
1196 2929 1504 2987 simulacra
1531 2938 1590 2987 et
1619 2928 1800 2987 docta
1824 2938 2123 3004 vagantur,

526 3028 816 3078 nocturno
846 3019 1036 3077 facere
1065 3029 1129 3077 ut
1156 3020 1383 3095 possint
1412 3019 1474 3077 in
1501 3029 1768 3095 tempore
1800 3018 1990 3078 ludos,

527 3127 602 3166 an
631 3109 812 3185 magis
842 3109 983 3167 illud
1012 3110 1118 3167 erit
1144 3111 1389 3168 verum?
1430 3111 1568 3184 quia
1595 3120 1861 3185 tempore
1892 3111 1952 3167 in
1980 3127 2120 3183 une,

527 3217 661 3256 cum
692 3201 972 3257 sentimus
1000 3199 1081 3272 id,
1113 3210 1171 3258 et
1197 3219 1334 3259 cum
1362 3219 1479 3259 vox
1507 3201 1786 3259 emittitur
1811 3220 1947 3275 una,
2248 3217 2338 3275 795

526 3298 792 3365 tempora
820 3290 1001 3349 multa
1027 3290 1227 3362 latent,
1258 3291 1405 3349 ratio
1435 3309 1586 3365 quae
1616 3292 1905 3366 comperit
1935 3308 2082 3364 esse,

527 3389 840 3455 propterea
866 3380 933 3438 fit
960 3380 1045 3438 uti
1074 3381 1279 3455 quovis
1310 3382 1370 3438 in
1398 3390 1666 3456 tempore
1696 3398 1967 3457 quaeque

526 3480 758 3545 praesto
787 3471 901 3529 sint
929 3470 1235 3529 simulacra
1261 3472 1406 3530 locis
1436 3472 1496 3528 in
1525 3472 1772 3547 quisque
1802 3481 2018 3547 parata.

526 3571 585 3618 et
614 3562 751 3635 quia
776 3561 972 3620 tenvia
998 3571 1150 3635 sunt,
1180 3563 1290 3621 nisi
1320 3580 1473 3638 quae
1502 3562 1826 3635 contendit,
1856 3573 2028 3621 acute
2247 3568 2342 3619 802
