2784 3992
436 326 535 397 v.]
919 326 1029 380 DE
1083 328 1373 380 RERUM
1433 328 1780 382 NATURA
2134 331 2247 400 175

436 489 691 564 undique
722 498 781 547 et
809 487 1117 549 adversum
1146 492 1515 551 venientibus
1543 511 1647 551 ora
1672 494 1957 568 petebant

435 570 498 638 et'
519 598 630 638 nec
658 581 955 655 opinantis
983 600 1019 638 a
1043 591 1207 656 tergo
1237 580 1605 677 deripiebant
2125 607 2251 658 1320

435 669 836 746 deplexaeque
866 670 1087 729 dabant
1115 673 1174 729 in
1201 682 1414 731 terram
1442 674 1678 732 volnere
1707 674 1911 747 victos,

434 762 716 820 morsibus
746 761 973 820 adfixae
1001 762 1205 821 validis
1235 773 1414 837 atque
1444 764 1734 839 unguibus
1765 766 1948 825 uncis.

434 851 841 927 iactabantque
870 870 1007 910 suos
1034 854 1177 911 tauri
1206 853 1580 929 pedibusque
1610 856 1874 915 terebant

432 951 489 1000 et
516 943 695 1001 latera
721 961 791 1000 ac
819 954 1048 1001 ventres
1077 944 1385 1002 hauribant
1414 954 1614 1019 supter
1641 963 1925 1021 equorum

432 1034 703 1092 cornibus
732 1043 792 1091 et
820 1043 1033 1091 terram
1061 1034 1355 1091 minitanti
1384 1034 1572 1093 fronte
1605 1038 1866 1095 ruebant.
2117 1060 2242 1112 1325

432 1134 489 1181 et
514 1124 719 1181 validis
746 1124 941 1182 socios
970 1122 1300 1182 caedebant
1329 1123 1602 1185 dentibus
1630 1128 1754 1203 apri

430 1214 544 1271 tela
571 1215 814 1272 infiacta
840 1232 947 1273 suo
976 1215 1306 1289 tinguentes
1336 1217 1616 1291 sanguine
1647 1219 1820 1289 saevi,

429 1304 491 1361 in
515 1323 579 1362 se
608 1305 789 1362 fracta
816 1322 923 1362 suo
953 1305 1283 1379 tinguentes
1310 1308 1592 1381 sanguine
1621 1308 1737 1365 tela

428 1396 861 1469 permixtasque
892 1394 1111 1453 dabant
1139 1397 1401 1472 equitum
1432 1397 1817 1473 peditumque
1846 1400 2056 1459 ruinas.

428 1503 564 1542 nam
591 1495 912 1543 transversa
942 1486 1093 1544 feros
1121 1487 1356 1545 exibant
1387 1487 1581 1546 dentis
1610 1488 1851 1547 adactus
2118 1510 2244 1562 1330

428 1576 688 1633 iumenta
715 1578 813 1634 aut
840 1575 1093 1651 pedibus
1121 1586 1327 1636 ventos
1359 1588 1556 1636 erecta
1582 1580 1882 1653 petebant,

426 1666 804 1742 nequiquam,
834 1668 1113 1743 quoniam
1142 1669 1217 1726 ab
1244 1669 1434 1727 nervis
1463 1670 1691 1727 succisa
1719 1670 1947 1731 videres

426 1756 741 1815 concidere
770 1768 948 1833 atque
976 1759 1133 1833 gravi
1162 1769 1371 1816 terram
1401 1769 1774 1818 consternere
1801 1779 1960 1821 casu.

426 1848 623 1923 siquos
652 1859 787 1905 ante
816 1848 981 1906 domi
1010 1848 1265 1907 domitos
1293 1850 1431 1907 satis
1461 1868 1589 1908 esse
1617 1851 1920 1925 putabant,

426 1938 800 1997 effervescere
828 1939 1148 1997 cernebant
1176 1940 1236 1997 in
1264 1940 1438 1998 rebus
1467 1941 1712 2016 agundis
2107 1962 2238 2019 1335

424 2030 753 2088 volneribus
780 2031 1037 2088 clamore
1068 2031 1201 2106 fuga
1230 2040 1447 2089 terrore
1474 2033 1740 2103 tumultu,

425 2138 535 2177 nec
563 2130 836 2195 poterant
861 2120 1036 2179 ullam
1065 2130 1289 2195 partem
1318 2120 1644 2179 redducere
1675 2140 1918 2197 eorum3

425 2210 762 2286 diffugiebat
791 2212 949 2268 enim
977 2212 1196 2268 varium
1227 2229 1412 2286 genus
1442 2230 1621 2271 omne
1650 2214 1939 2287 ferarum3

424 2311 487 2358 ut
514 2310 687 2359 nunc*
703 2319 879 2377 saepe
907 2302 1089 2360 boves
1118 2302 1284 2360 lucae
1314 2303 1464 2360 ferro
1495 2304 1646 2361 male
1675 2313 1901 2364 mactae

424 2391 748 2467 diffugiunt,
779 2391 899 2449 fera
926 2392 1041 2450 fata
1070 2393 1186 2450 suis
1216 2411 1353 2449 cum
1383 2393 1565 2451 multa
1594 2393 1838 2451 dedere.
2114 2415 2240 2467 1340

426 2479 506 2559 [si
531 2481 638 2539 fuit
665 2491 729 2539 ut
758 2481 1015 2539 facerent
1043 2481 1149 2540 sed
1176 2482 1273 2539 vix
1301 2482 1568 2541 adducor
1594 2492 1659 2541 ut
1686 2493 1824 2542 ante

423 2590 543 2631 non
571 2571 821 2647 quierint
848 2572 1046 2630 animo
1081 2574 1435 2647 praesentire
1465 2583 1641 2649 atque
1669 2573 1870 2632 videre

423 2681 600 2738 quam
627 2680 943 2720 commune
972 2664 1188 2720 malum
1218 2662 1381 2721 fieret
1411 2663 1773 2740 foedumque
1803 2664 2059 2723 futurum

423 2764 481 2835 et
508 2753 695 2829 magis
721 2752 784 2811 id
812 2754 1000 2829 possis
1028 2753 1247 2821 factum
1278 2754 1639 2813 contendere
1669 2756 1730 2813 in
1759 2755 1924 2814 omni

424 2844 481 2901 in
506 2844 676 2902 variis
703 2843 939 2902 mundis
966 2844 1123 2902 varia
1149 2845 1369 2902 ratione
1401 2846 1608 2903 creatis
2113 2863 2235 2916 1345

422 2952 599 3009 quam
628 2943 791 2992 certo
819 2944 995 3009 atque
1024 2953 1145 2993 uno
1173 2944 1452 2993 terrarum
1481 2936 1744 3009 quolibet
1773 2934 1932 3013 orbi]

422 3025 527 3084 sed
555 3025 747 3082 facere
777 3024 837 3082 id
864 3042 988 3082 non
1014 3034 1133 3083 tam
1162 3024 1439 3083 vincendi
1468 3043 1572 3100 spe
1600 3026 1926 3098 voluerunt,

423 3135 597 3191 quam
628 3115 767 3173 dare
797 3115 960 3190 quod
989 3125 1292 3190 gemerent
1322 3116 1538 3187 hostes,
1569 3116 1795 3190 ipsique
1825 3117 2032 3191 perire,

423 3209 523 3281 qui
550 3224 796 3263 nurnero
826 3204 1169 3263 diffidebant
1195 3206 1485 3279 armisque
1514 3207 1820 3264 vacabant.

502 3297 727 3355 Nexilis
756 3305 891 3353 ante
920 3296 1027 3353 fuit
1054 3296 1227 3354 vestis
1255 3314 1432 3371 quam
1462 3296 1659 3354 textile
1688 3306 1942 3372 tegmen.
2111 3315 2233 3367 1350

421 3388 616 3445 textile
644 3396 782 3463 post
811 3387 1095 3458 ferrumst‚
1126 3387 1266 3461 quia
1292 3387 1443 3444 ferro
1473 3387 1587 3444 tela
1615 3395 1865 3461 paratur,

422 3496 534 3536 nec
560 3478 787 3536 ratione
817 3477 930 3534 alia
951 3487 1202 3552 possunt
1230 3486 1349 3534 tam
1378 3476 1527 3534 levia
1553 3476 1712 3552 gigni

424 3568 605 3628 insilia
630 3587 703 3627 ac
732 3567 845 3626 fusi
871 3566 1016 3625 radii
1045 3568 1325 3642 scapique
1354 3575 1650 3625 sonantes,
