2784 3992
494 276 631 348 v1.]
985 277 1095 330 DE
1148 278 1438 332 RERUM
1495 280 1836 333 NATURA

494 440 642 513 aEra‚
671 438 775 515 qui
801 437 955 497 inter
984 438 1105 497 avis
1134 449 1445 514 cumquest
1471 450 1798 517 terramque
1825 441 2070 515 locatus,

494 528 783 607 discutiat,
812 547 1003 605 prope
1028 530 1113 588 uti
1140 530 1305 588 locus
1335 530 1431 588 hic
1460 531 1753 607 linquatur
1779 532 1984 592 inanis,

494 621 657 679 cuius
684 621 786 680 ubi
814 639 849 680 e
876 620 1115 696 regione
1144 621 1260 679 loci
1286 639 1499 680 venere
1529 623 1810 695 volanteS,

493 711 781 770 claudicat
807 711 1106 787 extemplo
1134 711 1440 787 pinnarum
1468 712 1628 772 nisus
1655 714 1842 772 inanis

493 811 552 861 et
578 820 869 860 conamen
898 802 1189 878 utrimque
1216 803 1435 860 alarum
1463 802 1730 878 proditur
1754 822 1952 864 omne.

493 893 587 951 hic
614 893 713 951 ubi
742 893 925 951 nixari
951 903 1254 967 nequeunt
1282 894 1663 970 insistereque
1692 896 1813 968 alis,

492 984 710 1042 scilicet
738 984 797 1041 in
823 994 1033 1042 terram
1062 983 1257 1043 delabi
1284 983 1549 1059 pondere
1578 986 1738 1062 cogit

491 1085 712 1146 natura,
742 1084 801 1131 et
829 1093 1081 1133 vacuum
1107 1092 1296 1150 prope
1325 1075 1442 1133 iam
1470 1095 1576 1151 per
1601 1077 1775 1136 inane
1805 1078 2062 1137 iacentes

404 1216 411 1227 .
492 1165 834 1241 dispergunt
860 1165 1083 1225 animas
1109 1184 1217 1241 per
1243 1166 1440 1225 caulas
1469 1168 1730 1243 corporis
1759 1169 1970 1229 omnis.

1388 1259 1425 1295 Ξ

491 1342 748 1422 frigidior
774 1365 949 1422 porro
978 1345 1041 1405 in
1067 1347 1259 1422 puteis
1286 1357 1507 1407 aestate
1537 1350 1603 1406 fit
1630 1367 1818 1424 umor,

490 1437 727 1495 rarescit
754 1438 893 1511 quia
919 1447 1069 1495 terra
1095 1437 1286 1496 calore
1316 1448 1381 1497 et
1405 1440 1857 1514 seminasjquae

490 1527 637 1586 forte
658 1528 889 1603 vaporis
924 1527 1101 1586 habet
1130 1528 1368 1604 proprii,
1399 1527 1638 1587 dimittit
1664 1530 1726 1587 in
1755 1548 1942 1588 auras.

490 1636 611 1693 quo
638 1618 821 1693 magis
850 1628 937 1676 est
964 1618 1136 1694 igitur
1162 1620 1330 1678 tellus
1359 1619 1533 1677 effeta
1560 1620 1773 1692 calore,

489 1710 555 1767 fit
582 1727 820 1784 quoque
850 1708 1110 1784 frigidior
1136 1710 1237 1783 qui
1265 1710 1328 1768 in
1354 1719 1557 1768 terrast
1584 1709 1818 1769 abditus
1846 1729 2034 1769 umor.

489 1801 699 1877 frigore
728 1820 866 1859 cum
894 1802 1176 1877 premitur
1202 1821 1378 1878 porro
1408 1804 1599 1861 omnis
1627 1812 1778 1861 terra
1805 1804 2042 1878 coitque

491 1902 549 1949 et
577 1893 743 1966 quasi
771 1894 1115 1965 concrescit,
1147 1894 1211 1951 fit
1238 1894 1461 1952 scilicet
1489 1904 1552 1951 ut
1580 1892 1859 1953 coeundo

491 1983 775 2057 exprimat
803 1984 863 2041 in
890 1993 1101 2058 puteos
1129 1984 1178 2043 si
1205 2002 1383 2060 quem
1412 1984 1558 2058 gerit
1585 1984 1710 2059 ipsa
1737 1984 2012 2043 calorem.

572 2075 717 2132 Esse
746 2074 906 2149 apud
937 2075 1292 2133 Hammonis
1320 2076 1521 2133 fanum
1550 2075 1680 2133 fons
1707 2076 1838 2133 luce
1869 2074 2080 2133 diurna

490 2154 727 2239 frigidus
757 2175 817 2223 et
843 2164 1065 2223 calidus
1094 2176 1383 2223 nocturno
1415 2174 1678 2240 tempore
1708 2166 1903 2225 fertur.

491 2254 648 2313 hunc
676 2255 947 2314 homines
974 2257 1196 2314 fontem
1223 2257 1397 2315 nimis
1425 2254 1784 2313 admirantur
1811 2264 1869 2314 et
1898 2257 2016 2313 acri

492 2345 613 2403 sole
642 2354 852 2420 putant
878 2356 1077 2421 supter
1105 2356 1284 2405 terras
1312 2347 1635 2405 fervescere
1663 2348 1894 2421 raptim,

491 2454 611 2494 nox
638 2436 741 2495 ubi
766 2435 1002 2495 terribili
1029 2446 1206 2495 terras
1233 2438 1480 2513 caligine
1509 2437 1672 2496 texit.

492 2526 656 2601 quod
684 2527 857 2586 nimis
883 2545 920 2585 a
946 2536 1136 2586 verast
1162 2529 1335 2604 longe
1363 2528 1588 2587 ratione
1614 2537 1927 2587 remotum.

492 2617 713 2693 quippe
742 2618 843 2676 ubi
871 2617 959 2676 sol
984 2616 1212 2675 nudum
1239 2628 1610 2678 contractans
1638 2636 1853 2694 corpus
1881 2618 2056 2693 aquai
2117 2641 2123 2647 ·

492 2726 614 2769 non
644 2708 854 2782 quierit
880 2707 1138 2766 calidum
1167 2727 1377 2784 supera
1406 2708 1482 2767 de
1511 2708 1760 2768 reddere
1789 2718 1973 2784 parte,

493 2818 631 2857 cum
663 2816 937 2874 superum
968 2800 1167 2857 lumen
1195 2809 1358 2859 tanto
1386 2800 1609 2858 fervore
1638 2799 1873 2875 fruatur,

494 2890 596 2964 qui
623 2899 801 2965 queat
829 2890 926 2947 hic
953 2899 1153 2966 supter
1179 2899 1299 2948 tam
1328 2908 1523 2947 crasso
1553 2908 1798 2964 corpore
1828 2900 2040 2947 terram

492 2998 857 3057 percoquere
888 2999 1154 3039 umorem
1185 2990 1245 3039 et
1272 2980 1466 3039 calido
1494 2980 1700 3039 satiare
1730 2982 1989 3056 vapore?

493 3073 834 3148 praesertim
862 3091 1001 3130 cum
1031 3072 1129 3129 vix
1155 3072 1339 3146 possit
1366 3089 1473 3146 per
1501 3081 1702 3146 saepta
1731 3071 2046 3130 domorum

494 3162 785 3221 insinuare
813 3181 983 3219 suum
1010 3162 1187 3220 radiis
1217 3161 1554 3220 ardentibus
1583 3172 1828 3222 aestum.

494 3269 647 3329 quae
676 3252 874 3311 ratiost
906 3254 1115 3328 igitur?
1148 3252 1420 3311 nimirum
1450 3264 1599 3311 terra
1628 3254 1812 3329 magis
1841 3252 2005 3328 quod

492 3363 621 3403 rara
644 3353 809 3419 tepet
836 3345 1057 3403 circum
1085 3345 1311 3403 fontem
1338 3363 1516 3419 quam
1547 3354 1743 3402 cetera
1768 3344 1934 3402 tellus

494 3435 793 3511 multaque
822 3444 958 3494 sunt
984 3436 1132 3511 ignis
1159 3453 1345 3511 prope
1374 3436 1598 3493 semina
1626 3452 1838 3509 corpus
1865 3432 2056 3507 aquai.

494 3525 611 3585 hoc
638 3526 741 3584 ubi
766 3527 1017 3585 roriferis
1044 3537 1253 3584 terram
1271 3517 1409 3583 'nox
1437 3526 1628 3584 obruit
1657 3523 1892 3598 umbriS,

2187 284 2309 348 203

2203 1356 2304 1419 840

2203 2264 2303 2329 850

2209 3166 2310 3217 860
