2784 3992
514 296 635 373 148
1179 310 1645 365 LUCRETms
2216 310 2316 381 [v.

1228 402 1239 429 Ι

504 470 646 528 haut
672 470 842 546 igitur
867 470 967 528 leti
994 471 1296 546 praeclusa
1325 481 1414 531 est
1443 471 1618 531 ianua
1643 472 1812 531 caelo

503 580 616 619 nec
644 561 751 619 soli
779 571 1083 637 terraeque
1112 580 1308 637 neque
1336 563 1465 621 altis
1493 564 1765 639 aequoris
1792 562 1982 637 undiS‚

502 651 607 710 sed
636 660 799 727 patet
825 653 1064 710 immani
1092 663 1152 710 et
1177 664 1343 712 vasto
1368 663 1664 729 respectat
1692 653 1869 713 hiatu.
2190 708 2195 714 .
2224 674 2318 725 375

502 760 680 817 quare
707 743 885 801 etiam
913 744 1106 801 nativa
1132 754 1497 803 necessumst
1525 744 1842 803 confiteare

502 833 649 891 haec
676 833 888 892 eadem
908 853 927 907 3
970 852 1164 909 neque
1195 836 1374 907 enim,
1404 836 1632 894 mortali
1661 853 1907 911 corpore
1935 853 2087 910 quae
2115 845 2268 908 sunt,

503 942 587 982 ex·
603 924 832 983 infinito
860 925 976 982 iam
1005 934 1273 1001 tempore
1302 925 1500 985 adhuc
1528 926 1857 1002 potuissent

501 1014 751 1073 inmensi
777 1015 994 1073 validas
1023 1016 1151 1073 aevi
1178 1022 1562 1075 contemnere
1591 1017 1759 1075 vireS.

583 1105 857 1180 Denique
887 1114 1196 1181 tantopere
1225 1107 1377 1165 inter
1405 1125 1468 1165 se
1497 1125 1638 1165 cum
1665 1106 1921 1165 maxima
1947 1105 2156 1164 mundi
2225 1113 2323 1178 380

500 1205 762 1270 pugnent
790 1196 1072 1268 membra,
1101 1197 1207 1272 pio
1234 1215 1612 1273 nequaquam
1640 1197 1877 1256 concita
1904 1197 2080 1270 belle,

499 1303 699 1343 nonne
725 1284 891 1344 vides
920 1286 1177 1361 aliquam
1203 1288 1362 1363 longi
1390 1288 1724 1347 certaminis
1752 1288 1881 1347 ollis

499 1393 674 1450 posse
702 1374 829 1434 dari
856 1376 1035 1435 finem
1050 1378 1079 1437 ἲ
1117 1377 1209 1436 vel
1238 1396 1376 1436 cum
1405 1379 1495 1437 sol
1522 1389 1583 1438 et
1608 1397 1794 1454 vapor
1821 1378 2012 1438 omnis

500 1467 774 1526 omnibus
802 1468 993 1544 epotis
1020 1469 1320 1528 umoribus
1349 1470 1752 1545 exsuperarint
1777 1491 1790 1528 ε

498 1556 664 1633 quod
681 1559 872 1617 facere
886 1559 1215 1632 intendunt,
1227 1578 1425 1635 neque
1439 1560 1636 1619 adhuc
1648 1569 1863 1619 conata
1876 1569 2172 1637 patrantur
2194 1582 2206 1618 z
2224 1567 2288 1631 38
2290 1574 2319 1631 ς

498 1658 727 1707 tantum
758 1649 1137 1724 suppeditant
1163 1669 1368 1711 amnes
1397 1652 1662 1729 ultraque
1690 1651 1984 1711 minantur
2126 1662 2130 1667 ’

499 1740 700 1798 omnia
727 1738 1005 1798 diluviare
1036 1759 1111 1799 ex
1138 1741 1256 1799 alto
1284 1742 1513 1817 gurgite
1542 1742 1729 1817 ponti,

500 1831 878 1906 nequiquam,
908 1833 1187 1907 quoniam
1217 1843 1511 1891 verrentes
1540 1851 1797 1908 aequora
1822 1836 1982 1894 venti

501 1921 849 1980 deminuunt
876 1922 1169 1998 radiisque
1196 1934 1470 1983 retexens
1497 1924 1789 1984 aetherius
1818 1927 1924 2001 sol,

500 2022 561 2070 et
588 2013 807 2071 siccare
836 2013 992 2088 prius
1022 2014 1330 2073 confidunt
1358 2016 1560 2073 omnia
1586 2034 1762 2090 posse
2223 2035 2320 2089 390

500 2122 678 2177 quam
705 2104 896 2179 liquor
923 2104 1143 2180 incepti
1172 2106 1355 2180 possit
1384 2106 1726 2182 contingere
1755 2108 1953 2166 finem.
2179 2108 2190 2117 ”

501 2203 727 2251 tantum
756 2195 1040 2269 spirantes
1068 2213 1261 2270 aequo
1290 2198 1608 2255 certamine
1635 2197 1854 2258 bellum

500 2285 724 2359 magnis
752 2285 903 2343 inter
930 2304 993 2343 se
1023 2284 1099 2344 de
1128 2287 1301 2345 rebus
1329 2305 1570 2346 cernere
1599 2298 1842 2362 certant,

500 2392 640 2432 cum
667 2375 850 2432 semel
878 2376 1098 2434 interea
1126 2378 1295 2435 fuerit
1323 2378 1689 2453 superantior
1715 2379 1864 2455 ignis

502 2473 564 2523 et
588 2466 787 2538 semel,
818 2476 882 2525 ut
908 2467 1063 2524 fama
1089 2478 1195 2540 est,
1228 2487 1398 2526 umor
1424 2470 1675 2545 regnarit
1702 2471 1765 2528 in
1792 2471 1956 2528 arvis,
2224 2488 2317 2543 395

502 2556 647 2630 ignis
675 2556 832 2614 enim
861 2568 1093 2632 superat
1120 2568 1181 2615 et
1207 2558 1470 2618 lambens
1500 2562 1682 2618 multa
1710 2561 1976 2636 perussit,

502 2646 630 2702 avia
656 2664 793 2703 cum
824 2648 1189 2706 Phaethonta
1214 2667 1393 2725 rapax
1419 2651 1507 2709 vis
1535 2651 1670 2709 solis
1698 2669 1983 2725 equorum

502 2736 737 2793 aethere
765 2739 1009 2812 raptavit
1036 2748 1163 2797 toto
1192 2749 1489 2815 terrasque
1519 2759 1626 2817 per
1652 2742 1861 2800 omnis,

503 2836 562 2884 at
589 2836 756 2902 pater
782 2829 1155 2904 omnipotens
1186 2832 1268 2889 ira
1296 2842 1425 2909 tum
1452 2833 1708 2908 percitus
1736 2832 1853 2890 acri

504 2919 939 2992 magnanimum
970 2921 1338 2980 Phaethonta
1364 2924 1594 2997 repenti
1623 2923 1872 2981 fulminis
1900 2922 2019 2981 ictu
2225 2944 2322 2992 400

503 3008 830 3067 deturbavit
860 3011 1023 3084 equis
1054 3013 1113 3069 in
1142 3022 1372 3084 terram,
1405 3014 1610 3088 solque
1640 3013 1876 3072 cadenti

504 3098 709 3157 obvius
738 3110 1032 3159 aeternam
1062 3105 1326 3179 succepit
1356 3103 1632 3179 lampada
1659 3104 1863 3162 mundi

504 3189 899 3266 disiectosque
928 3192 1155 3269 redegit
1185 3212 1369 3269 equos
1401 3194 1700 3269 iunxitque
1731 3194 2049 3265 trementiS‚

468 3274 478 3280 “
504 3279 643 3337 inde
672 3298 841 3340 suum
872 3301 978 3358 per
1005 3283 1113 3341 iter
1139 3286 1422 3343 recreavit
1449 3294 1664 3344 cuncta
1691 3286 2040 3361 gubernanS,

482 3369 727 3429 ⁴scilicet
753 3382 816 3431 ut
844 3383 1069 3432 veteres
1097 3375 1337 3434 Graium
1368 3377 1638 3434 cecinere
1667 3386 1897 3452 poetae.
2226 3395 2320 3448 405

505 3460 670 3535 quod
699 3464 903 3537 procul
932 3484 967 3521 a
995 3484 1130 3521 vera
1156 3466 1326 3522 nimis
1355 3476 1443 3523 est
1470 3465 1694 3524 ratione
1720 3465 2037 3541 repulsum.

506 3552 655 3627 ignis
684 3554 842 3610 enim
871 3572 1141 3629 superare
1171 3565 1364 3631 potest
1392 3556 1492 3614 ubi
1521 3556 1778 3615 materiai

1343 3823 1584 3967 *X
