<?xml version="1.0" encoding="UTF-8"?>
<!DOCTYPE html PUBLIC "-//W3C//DTD XHTML 1.0 Transitional//EN"
    "http://www.w3.org/TR/xhtml1/DTD/xhtml1-transitional.dtd">
<html xmlns="http://www.w3.org/1999/xhtml" xml:lang="en" lang="en">
 <head>
  <title>
</title>
<meta http-equiv="Content-Type" content="text/html;charset=utf-8" />
  <meta name='ocr-system' content='tesseract 3.04.00' />
  <meta name='ocr-capabilities' content='ocr_page ocr_carea ocr_par ocr_line ocrx_word'/>
</head>
<body>
  <div class='ocr_page' id='page_1' title='image "./tlucreticarider06unkngoog_0140.png"; bbox 0 0 2784 3992; ppageno 0'>
   <div class='ocr_carea' id='block_1_1' title="bbox 122 3698 310 3871">
    <p class='ocr_par' dir='ltr' id='par_1_1' title="bbox 85 3630 310 3871">
     <span class='ocr_line' id='line_1_1' title="bbox 122 3698 310 3871; baseline 0 0"><span class='ocrx_word' id='word_1_1' title='bbox 122 3698 310 3871; x_wconf 56' lang='lat' dir='ltr'><strong>a</strong></span> 
     </span>
    </p>
   </div>
   <div class='ocr_carea' id='block_1_2' title="bbox 490 288 2298 387">
    <p class='ocr_par' dir='ltr' id='par_1_2' title="bbox 490 288 2298 387">
     <span class='ocr_line' id='line_1_2' title="bbox 490 288 2298 387; baseline 0.003 -22"><span class='ocrx_word' id='word_1_2' title='bbox 490 302 571 382; x_wconf 91' lang='lat'><strong>78</strong></span> <span class='ocrx_word' id='word_1_3' title='bbox 1164 288 1624 369; x_wconf 73' lang='lat' dir='ltr'><strong>‘LucRETms</strong></span> <span class='ocrx_word' id='word_1_4' title='bbox 2153 316 2298 387; x_wconf 91' lang='lat'>[111.</span> 
     </span>
    </p>
   </div>
   <div class='ocr_carea' id='block_1_3' title="bbox 488 474 2303 1821">
    <p class='ocr_par' dir='ltr' id='par_1_3' title="bbox 488 474 2303 1549">
     <span class='ocr_line' id='line_1_3' title="bbox 489 474 2010 552; baseline 0.001 -18"><span class='ocrx_word' id='word_1_5' title='bbox 489 495 602 535; x_wconf 92' lang='lat' dir='ltr'><strong>nec</strong></span> <span class='ocrx_word' id='word_1_6' title='bbox 630 475 838 535; x_wconf 85' lang='lat' dir='ltr'><strong>crescit</strong></span> <span class='ocrx_word' id='word_1_7' title='bbox 862 493 1061 551; x_wconf 90' lang='lat' dir='ltr'><strong>neque</strong></span> <span class='ocrx_word' id='word_1_8' title='bbox 1087 485 1224 552; x_wconf 93' lang='lat' dir='ltr'><strong>post</strong></span> <span class='ocrx_word' id='word_1_9' title='bbox 1246 484 1497 534; x_wconf 89' lang='lat' dir='ltr'><strong>mortem</strong></span> <span class='ocrx_word' id='word_1_10' title='bbox 1527 474 1735 534; x_wconf 86' lang='lat' dir='ltr'><strong>durare</strong></span> <span class='ocrx_word' id='word_1_11' title='bbox 1763 476 2010 535; x_wconf 88' lang='lat' dir='ltr'><strong>videtur.</strong></span> 
     </span>
     <span class='ocr_line' id='line_1_4' title="bbox 490 566 2101 642; baseline 0.001 -16"><span class='ocrx_word' id='word_1_12' title='bbox 490 586 612 635; x_wconf 87' lang='lat' dir='ltr'><strong>non</strong></span> <span class='ocrx_word' id='word_1_13' title='bbox 640 567 816 638; x_wconf 89' lang='lat' dir='ltr'><strong>enim,</strong></span> <span class='ocrx_word' id='word_1_14' title='bbox 847 577 911 624; x_wconf 91' lang='lat' dir='ltr'><strong>ut</strong></span> <span class='ocrx_word' id='word_1_15' title='bbox 938 584 1109 625; x_wconf 91' lang='lat' dir='ltr'><strong>umor</strong></span> <span class='ocrx_word' id='word_1_16' title='bbox 1135 584 1322 641; x_wconf 87' lang='lat' dir='ltr'><strong>aquae</strong></span> <span class='ocrx_word' id='word_1_17' title='bbox 1351 566 1590 624; x_wconf 88' lang='lat' dir='ltr'><strong>dimittit</strong></span> <span class='ocrx_word' id='word_1_18' title='bbox 1617 585 1794 642; x_wconf 80' lang='lat' dir='ltr'><strong>saepe</strong></span> <span class='ocrx_word' id='word_1_19' title='bbox 1822 586 2101 642; x_wconf 90' lang='lat' dir='ltr'><strong>vaporem</strong></span> 
     </span>
     <span class='ocr_line' id='line_1_5' title="bbox 490 658 2302 733; baseline 0.001 -17"><span class='ocrx_word' id='word_1_20' title='bbox 490 659 589 733; x_wconf 93' lang='lat' dir='ltr'><strong>qui</strong></span> <span class='ocrx_word' id='word_1_21' title='bbox 618 658 799 716; x_wconf 88' lang='lat' dir='ltr'><strong>datus·</strong></span> <span class='ocrx_word' id='word_1_22' title='bbox 817 666 921 727; x_wconf 89' lang='lat' dir='ltr'><strong>est,</strong></span> <span class='ocrx_word' id='word_1_23' title='bbox 954 675 1147 732; x_wconf 90' lang='lat' dir='ltr'><strong>neque</strong></span> <span class='ocrx_word' id='word_1_24' title='bbox 1178 675 1248 714; x_wconf 88' lang='lat' dir='ltr'><strong>ea</strong></span> <span class='ocrx_word' id='word_1_25' title='bbox 1275 676 1452 715; x_wconf 90' lang='lat' dir='ltr'><strong>causa</strong></span> <span class='ocrx_word' id='word_1_26' title='bbox 1480 658 1822 715; x_wconf 84' lang='lat' dir='ltr'><strong>convellitur</strong></span> <span class='ocrx_word' id='word_1_27' title='bbox 1850 658 1996 733; x_wconf 90' lang='lat' dir='ltr'><strong>ipse,</strong></span> <span class='ocrx_word' id='word_1_28' title='bbox 2202 679 2302 732; x_wconf 82' lang='lat'><strong>340</strong></span> 
     </span>
     <span class='ocr_line' id='line_1_6' title="bbox 490 747 1993 822; baseline 0.001 -16"><span class='ocrx_word' id='word_1_29' title='bbox 490 747 596 807; x_wconf 93' lang='lat' dir='ltr'><strong>sed</strong></span> <span class='ocrx_word' id='word_1_30' title='bbox 625 757 822 808; x_wconf 89' lang='lat' dir='ltr'><strong>manet</strong></span> <span class='ocrx_word' id='word_1_31' title='bbox 850 748 1176 819; x_wconf 79' lang='lat' dir='ltr'><strong>incolumis,</strong></span> <span class='ocrx_word' id='word_1_32' title='bbox 1206 765 1346 819; x_wconf 91' lang='lat' dir='ltr'><strong>non,</strong></span> <span class='ocrx_word' id='word_1_33' title='bbox 1377 748 1636 822; x_wconf 86' lang='lat' dir='ltr'><strong>inquam,</strong></span> <span class='ocrx_word' id='word_1_34' title='bbox 1667 748 1750 806; x_wconf 91' lang='lat' dir='ltr'><strong>sic</strong></span> <span class='ocrx_word' id='word_1_35' title='bbox 1778 749 1993 807; x_wconf 85' lang='lat' dir='ltr'><strong>animai</strong></span> 
     </span>
     <span class='ocr_line' id='line_1_7' title="bbox 490 838 1766 915; baseline -0.002 -18"><span class='ocrx_word' id='word_1_36' title='bbox 490 839 801 897; x_wconf 89' lang='lat' dir='ltr'><strong>discidium</strong></span> <span class='ocrx_word' id='word_1_37' title='bbox 830 848 1074 915; x_wconf 86' lang='lat' dir='ltr'><strong>possunt</strong></span> <span class='ocrx_word' id='word_1_38' title='bbox 1100 848 1255 896; x_wconf 90' lang='lat' dir='ltr'><strong>artus</strong></span> <span class='ocrx_word' id='word_1_39' title='bbox 1283 839 1536 913; x_wconf 86' lang='lat' dir='ltr'><strong>perferre</strong></span> <span class='ocrx_word' id='word_1_40' title='bbox 1565 838 1766 910; x_wconf 91' lang='lat' dir='ltr'><strong>relicti,</strong></span> 
     </span>
     <span class='ocr_line' id='line_1_8' title="bbox 490 928 2074 1005; baseline 0.001 -18"><span class='ocrx_word' id='word_1_41' title='bbox 490 929 596 988; x_wconf 73' lang='lat' dir='ltr'><strong>sed</strong></span> <span class='ocrx_word' id='word_1_42' title='bbox 624 930 855 1005; x_wconf 89' lang='lat' dir='ltr'><strong>penitus</strong></span> <span class='ocrx_word' id='word_1_43' title='bbox 883 938 1131 1004; x_wconf 89' lang='lat' dir='ltr'><strong>pereunt</strong></span> <span class='ocrx_word' id='word_1_44' title='bbox 1159 928 1422 987; x_wconf 90' lang='lat' dir='ltr'><strong>convulsi</strong></span> <span class='ocrx_word' id='word_1_45' title='bbox 1450 947 1684 1003; x_wconf 89' lang='lat' dir='ltr'><strong>conque</strong></span> <span class='ocrx_word' id='word_1_46' title='bbox 1713 939 2074 1005; x_wconf 85' lang='lat' dir='ltr'><strong>putrescunt.</strong></span> 
     </span>
     <span class='ocr_line' id='line_1_9' title="bbox 491 1019 1854 1094; baseline 0.001 -16"><span class='ocrx_word' id='word_1_47' title='bbox 491 1038 564 1078; x_wconf 87' lang='lat' dir='ltr'><strong>ex</strong></span> <span class='ocrx_word' id='word_1_48' title='bbox 591 1021 827 1078; x_wconf 90' lang='lat' dir='ltr'><strong>ineunte</strong></span> <span class='ocrx_word' id='word_1_49' title='bbox 857 1038 1003 1078; x_wconf 88' lang='lat' dir='ltr'><strong>aevo</strong></span> <span class='ocrx_word' id='word_1_50' title='bbox 1032 1020 1115 1077; x_wconf 89' lang='lat' dir='ltr'><strong>sic</strong></span> <span class='ocrx_word' id='word_1_51' title='bbox 1145 1020 1404 1092; x_wconf 81' lang='lat' dir='ltr'><strong>corporis</strong></span> <span class='ocrx_word' id='word_1_52' title='bbox 1435 1028 1609 1094; x_wconf 91' lang='lat' dir='ltr'><strong>atque</strong></span> <span class='ocrx_word' id='word_1_53' title='bbox 1637 1019 1854 1079; x_wconf 81' lang='lat' dir='ltr'><strong>animai</strong></span> 
     </span>
     <span class='ocr_line' id='line_1_10' title="bbox 490 1110 2303 1185; baseline -0.001 -16"><span class='ocrx_word' id='word_1_54' title='bbox 490 1121 693 1169; x_wconf 87' lang='lat' dir='ltr'><strong>mutua</strong></span> <span class='ocrx_word' id='word_1_55' title='bbox 718 1111 902 1171; x_wconf 89' lang='lat' dir='ltr'><strong>vitalis</strong></span> <span class='ocrx_word' id='word_1_56' title='bbox 930 1110 1166 1167; x_wconf 90' lang='lat' dir='ltr'><strong>discunt</strong></span> <span class='ocrx_word' id='word_1_57' title='bbox 1194 1110 1464 1185; x_wconf 86' lang='lat' dir='ltr'><strong>contagia</strong></span> <span class='ocrx_word' id='word_1_58' title='bbox 1491 1120 1686 1169; x_wconf 90' lang='lat' dir='ltr'><strong>motus</strong></span> <span class='ocrx_word' id='word_1_59' title='bbox 2203 1127 2303 1181; x_wconf 80' lang='lat'><strong>345</strong></span> 
     </span>
     <span class='ocr_line' id='line_1_11' title="bbox 491 1201 1830 1276; baseline 0 -17"><span class='ocrx_word' id='word_1_60' title='bbox 491 1202 763 1260; x_wconf 87' lang='lat' dir='ltr'><strong>maternis</strong></span> <span class='ocrx_word' id='word_1_61' title='bbox 792 1201 969 1259; x_wconf 88' lang='lat' dir='ltr'><strong>etiam</strong></span> <span class='ocrx_word' id='word_1_62' title='bbox 996 1201 1271 1260; x_wconf 87' lang='lat' dir='ltr'><strong>membris</strong></span> <span class='ocrx_word' id='word_1_63' title='bbox 1298 1202 1548 1276; x_wconf 87' lang='lat' dir='ltr'><strong>alvoque</strong></span> <span class='ocrx_word' id='word_1_64' title='bbox 1577 1210 1830 1276; x_wconf 86' lang='lat' dir='ltr'><strong>reposta,</strong></span> 
     </span>
     <span class='ocr_line' id='line_1_12' title="bbox 490 1291 2022 1367; baseline -0.001 -16"><span class='ocrx_word' id='word_1_65' title='bbox 490 1291 802 1351; x_wconf 87' lang='lat' dir='ltr'><strong>discidium</strong></span> <span class='ocrx_word' id='word_1_66' title='bbox 830 1301 895 1351; x_wconf 91' lang='lat' dir='ltr'><strong>ut</strong></span> <span class='ocrx_word' id='word_1_67' title='bbox 920 1302 1177 1367; x_wconf 89' lang='lat' dir='ltr'><strong>nequeat</strong></span> <span class='ocrx_word' id='word_1_68' title='bbox 1204 1292 1329 1351; x_wconf 87' lang='lat' dir='ltr'><strong>fieri</strong></span> <span class='ocrx_word' id='word_1_69' title='bbox 1355 1293 1482 1350; x_wconf 92' lang='lat' dir='ltr'><strong>sine</strong></span> <span class='ocrx_word' id='word_1_70' title='bbox 1509 1300 1676 1367; x_wconf 91' lang='lat' dir='ltr'><strong>peste</strong></span> <span class='ocrx_word' id='word_1_71' title='bbox 1705 1292 1981 1366; x_wconf 90' lang='lat' dir='ltr'><strong>maloque</strong></span> <span class='ocrx_word' id='word_1_72' title='bbox 2001 1313 2022 1366; x_wconf 98' lang='grc'><em>3</em></span> 
     </span>
     <span class='ocr_line' id='line_1_13' title="bbox 488 1382 1952 1458; baseline -0.001 -17"><span class='ocrx_word' id='word_1_73' title='bbox 488 1392 554 1441; x_wconf 93' lang='lat' dir='ltr'><strong>ut</strong></span> <span class='ocrx_word' id='word_1_74' title='bbox 580 1383 798 1455; x_wconf 74' lang='lat' dir='ltr'><strong>videa5‚</strong></span> <span class='ocrx_word' id='word_1_75' title='bbox 828 1383 1107 1458; x_wconf 88' lang='lat' dir='ltr'><strong>quoniam</strong></span> <span class='ocrx_word' id='word_1_76' title='bbox 1136 1383 1506 1441; x_wconf 84' lang='lat' dir='ltr'><strong>coniunctast</strong></span> <span class='ocrx_word' id='word_1_77' title='bbox 1533 1401 1711 1441; x_wconf 89' lang='lat' dir='ltr'><strong>causa</strong></span> <span class='ocrx_word' id='word_1_78' title='bbox 1738 1382 1952 1454; x_wconf 88' lang='lat' dir='ltr'><strong>salutis,</strong></span> 
     </span>
     <span class='ocr_line' id='line_1_14' title="bbox 490 1473 2029 1549; baseline -0.001 -18"><span class='ocrx_word' id='word_1_79' title='bbox 490 1475 863 1533; x_wconf 89' lang='lat' dir='ltr'><strong>coniunctam</strong></span> <span class='ocrx_word' id='word_1_80' title='bbox 893 1492 1132 1549; x_wconf 92' lang='lat' dir='ltr'><strong>quoque</strong></span> <span class='ocrx_word' id='word_1_81' title='bbox 1161 1484 1427 1532; x_wconf 89' lang='lat' dir='ltr'><strong>naturam</strong></span> <span class='ocrx_word' id='word_1_82' title='bbox 1456 1473 1773 1532; x_wconf 90' lang='lat' dir='ltr'><strong>consistere</strong></span> <span class='ocrx_word' id='word_1_83' title='bbox 1805 1490 2029 1530; x_wconf 89' lang='lat' dir='ltr'><strong>eorum.</strong></span> 
     </span>
    </p>

    <p class='ocr_par' dir='ltr' id='par_1_4' title="bbox 490 1558 2300 1821">
     <span class='ocr_line' id='line_1_15' title="bbox 572 1558 2300 1640; baseline -0.002 -17"><span class='ocrx_word' id='word_1_84' title='bbox 572 1564 754 1639; x_wconf 87' lang='lat' dir='ltr'><strong>Quod</strong></span> <span class='ocrx_word' id='word_1_85' title='bbox 782 1575 1060 1640; x_wconf 90' lang='lat' dir='ltr'><strong>superest,</strong></span> <span class='ocrx_word' id='word_1_86' title='bbox 1091 1565 1270 1640; x_wconf 89' lang='lat' dir='ltr'><strong>siquis</strong></span> <span class='ocrx_word' id='word_1_87' title='bbox 1298 1582 1512 1639; x_wconf 90' lang='lat' dir='ltr'><strong>corpus</strong></span> <span class='ocrx_word' id='word_1_88' title='bbox 1541 1565 1752 1622; x_wconf 91' lang='lat' dir='ltr'><strong>sentire</strong></span> <span class='ocrx_word' id='word_1_89' title='bbox 1781 1558 2035 1621; x_wconf 59' lang='lat' dir='ltr'><strong>refutat*</strong></span> <span class='ocrx_word' id='word_1_90' title='bbox 2198 1579 2300 1635; x_wconf 84' lang='lat'><strong>350</strong></span> 
     </span>
     <span class='ocr_line' id='line_1_16' title="bbox 490 1654 1982 1731; baseline -0.001 -18"><span class='ocrx_word' id='word_1_91' title='bbox 490 1665 665 1730; x_wconf 90' lang='lat' dir='ltr'><strong>atque</strong></span> <span class='ocrx_word' id='word_1_92' title='bbox 694 1656 950 1713; x_wconf 88' lang='lat' dir='ltr'><strong>animam</strong></span> <span class='ocrx_word' id='word_1_93' title='bbox 981 1655 1168 1714; x_wconf 92' lang='lat' dir='ltr'><strong>credit</strong></span> <span class='ocrx_word' id='word_1_94' title='bbox 1197 1654 1546 1731; x_wconf 85' lang='lat' dir='ltr'><strong>permixtam</strong></span> <span class='ocrx_word' id='word_1_95' title='bbox 1576 1672 1824 1730; x_wconf 89' lang='lat' dir='ltr'><strong>corpore</strong></span> <span class='ocrx_word' id='word_1_96' title='bbox 1855 1663 1982 1712; x_wconf 92' lang='lat' dir='ltr'><strong>toto</strong></span> 
     </span>
     <span class='ocr_line' id='line_1_17' title="bbox 490 1744 2162 1821; baseline -0.001 -17"><span class='ocrx_word' id='word_1_97' title='bbox 490 1747 783 1821; x_wconf 79' lang='lat' dir='ltr'><strong>suscipere</strong></span> <span class='ocrx_word' id='word_1_98' title='bbox 812 1746 969 1803; x_wconf 91' lang='lat' dir='ltr'><strong>hunc</strong></span> <span class='ocrx_word' id='word_1_99' title='bbox 998 1755 1224 1804; x_wconf 91' lang='lat' dir='ltr'><strong>motum</strong></span> <span class='ocrx_word' id='word_1_100' title='bbox 1254 1764 1431 1821; x_wconf 90' lang='lat' dir='ltr'><strong>quem</strong></span> <span class='ocrx_word' id='word_1_101' title='bbox 1462 1764 1697 1803; x_wconf 91' lang='lat' dir='ltr'><strong>sensum</strong></span> <span class='ocrx_word' id='word_1_102' title='bbox 1727 1744 2162 1816; x_wconf 82' lang='lat' dir='ltr'><strong>nominitamuS,</strong></span> 
     </span>
    </p>
   </div>
   <div class='ocr_carea' id='block_1_4' title="bbox 410 1838 1936 1917">
    <p class='ocr_par' dir='ltr' id='par_1_5' title="bbox 410 1838 1936 1917">
     <span class='ocr_line' id='line_1_18' title="bbox 410 1838 1936 1917; baseline 0.003 -28"><span class='ocrx_word' id='word_1_103' title='bbox 410 1881 419 1889; x_wconf 93' lang='lat'><strong>.</strong></span> <span class='ocrx_word' id='word_1_104' title='bbox 488 1838 581 1894; x_wconf 86' lang='lat' dir='ltr'><strong>vel</strong></span> <span class='ocrx_word' id='word_1_105' title='bbox 609 1838 939 1895; x_wconf 88' lang='lat' dir='ltr'><strong>manifestas</strong></span> <span class='ocrx_word' id='word_1_106' title='bbox 967 1854 1059 1893; x_wconf 86' lang='lat' dir='ltr'><strong>res</strong></span> <span class='ocrx_word' id='word_1_107' title='bbox 1087 1847 1291 1894; x_wconf 91' lang='lat' dir='ltr'><strong>contra</strong></span> <span class='ocrx_word' id='word_1_108' title='bbox 1316 1854 1600 1917; x_wconf 87' lang='lat' dir='ltr'><strong>verasque</strong></span> <span class='ocrx_word' id='word_1_109' title='bbox 1631 1845 1936 1912; x_wconf 86' lang='lat' dir='ltr'><strong>repugnat.</strong></span> 
     </span>
    </p>
   </div>
   <div class='ocr_carea' id='block_1_5' title="bbox 483 1926 2302 3636">
    <p class='ocr_par' dir='ltr' id='par_1_6' title="bbox 483 1926 2302 3636">
     <span class='ocr_line' id='line_1_19' title="bbox 490 1926 2143 2001; baseline -0.001 -17"><span class='ocrx_word' id='word_1_110' title='bbox 490 1928 633 2001; x_wconf 91' lang='lat' dir='ltr'><strong>quid</strong></span> <span class='ocrx_word' id='word_1_111' title='bbox 662 1928 734 1985; x_wconf 92' lang='lat' dir='ltr'><strong>sit</strong></span> <span class='ocrx_word' id='word_1_112' title='bbox 762 1927 917 1985; x_wconf 91' lang='lat' dir='ltr'><strong>enim</strong></span> <span class='ocrx_word' id='word_1_113' title='bbox 946 1945 1159 2001; x_wconf 90' lang='lat' dir='ltr'><strong>corpus</strong></span> <span class='ocrx_word' id='word_1_114' title='bbox 1188 1928 1400 1985; x_wconf 85' lang='lat' dir='ltr'><strong>sentire</strong></span> <span class='ocrx_word' id='word_1_115' title='bbox 1431 1926 1560 2001; x_wconf 90' lang='lat' dir='ltr'><strong>quis</strong></span> <span class='ocrx_word' id='word_1_116' title='bbox 1588 1926 1812 1985; x_wconf 90' lang='lat' dir='ltr'><strong>adferet</strong></span> <span class='ocrx_word' id='word_1_117' title='bbox 1840 1944 2143 2001; x_wconf 90' lang='lat' dir='ltr'><strong>umquam,</strong></span> 
     </span>
     <span class='ocr_line' id='line_1_20' title="bbox 488 2017 2300 2093; baseline -0.001 -16"><span class='ocrx_word' id='word_1_118' title='bbox 488 2019 536 2077; x_wconf 91' lang='lat' dir='ltr'><strong>si</strong></span> <span class='ocrx_word' id='word_1_119' title='bbox 564 2036 685 2077; x_wconf 92' lang='lat' dir='ltr'><strong>non</strong></span> <span class='ocrx_word' id='word_1_120' title='bbox 713 2019 840 2093; x_wconf 88' lang='lat' dir='ltr'><strong>ipsa</strong></span> <span class='ocrx_word' id='word_1_121' title='bbox 866 2018 1059 2093; x_wconf 88' lang='lat' dir='ltr'><strong>palam</strong></span> <span class='ocrx_word' id='word_1_122' title='bbox 1090 2018 1253 2092; x_wconf 89' lang='lat' dir='ltr'><strong>quod</strong></span> <span class='ocrx_word' id='word_1_123' title='bbox 1282 2036 1373 2076; x_wconf 91' lang='lat' dir='ltr'><strong>res</strong></span> <span class='ocrx_word' id='word_1_124' title='bbox 1403 2017 1570 2075; x_wconf 88' lang='lat' dir='ltr'><strong>dedit</strong></span> <span class='ocrx_word' id='word_1_125' title='bbox 1598 2037 1668 2075; x_wconf 90' lang='lat' dir='ltr'><strong>ac</strong></span> <span class='ocrx_word' id='word_1_126' title='bbox 1697 2018 1902 2076; x_wconf 90' lang='lat' dir='ltr'><strong>docuit</strong></span> <span class='ocrx_word' id='word_1_127' title='bbox 1929 2035 2039 2076; x_wconf 91' lang='lat' dir='ltr'><strong>nos</strong></span> <span class='ocrx_word' id='word_1_128' title='bbox 2069 2018 2098 2077; x_wconf 85' lang='lat'>?</span> <span class='ocrx_word' id='word_1_129' title='bbox 2202 2034 2300 2089; x_wconf 81' lang='lat'><strong>355</strong></span> 
     </span>
     <span class='ocr_line' id='line_1_21' title="bbox 488 2108 1996 2184; baseline -0.001 -17"><span class='ocrx_word' id='word_1_130' title='bbox 488 2118 543 2167; x_wconf 89' lang='lat' dir='ltr'><strong>at</strong></span> <span class='ocrx_word' id='word_1_131' title='bbox 574 2108 810 2166; x_wconf 90' lang='lat' dir='ltr'><strong>dimissa</strong></span> <span class='ocrx_word' id='word_1_132' title='bbox 838 2110 1032 2167; x_wconf 90' lang='lat' dir='ltr'><strong>anima</strong></span> <span class='ocrx_word' id='word_1_133' title='bbox 1058 2126 1273 2183; x_wconf 90' lang='lat' dir='ltr'><strong>corpus</strong></span> <span class='ocrx_word' id='word_1_134' title='bbox 1302 2117 1462 2166; x_wconf 91' lang='lat' dir='ltr'><strong>caret</strong></span> <span class='ocrx_word' id='word_1_135' title='bbox 1487 2108 1751 2184; x_wconf 92' lang='lat' dir='ltr'><strong>undique</strong></span> <span class='ocrx_word' id='word_1_136' title='bbox 1782 2126 1956 2168; x_wconf 87' lang='lat' dir='ltr'><strong>sensu</strong></span> <span class='ocrx_word' id='word_1_137' title='bbox 1975 2128 1996 2182; x_wconf 93' lang='grc'><em>3</em></span> 
     </span>
     <span class='ocr_line' id='line_1_22' title="bbox 488 2199 2138 2275; baseline 0 -18"><span class='ocrx_word' id='word_1_138' title='bbox 488 2199 679 2275; x_wconf 91' lang='lat' dir='ltr'><strong>perdit</strong></span> <span class='ocrx_word' id='word_1_139' title='bbox 708 2200 862 2256; x_wconf 91' lang='lat' dir='ltr'><strong>enim</strong></span> <span class='ocrx_word' id='word_1_140' title='bbox 893 2199 1058 2274; x_wconf 91' lang='lat' dir='ltr'><strong>quod</strong></span> <span class='ocrx_word' id='word_1_141' title='bbox 1086 2217 1206 2256; x_wconf 93' lang='lat' dir='ltr'><strong>non</strong></span> <span class='ocrx_word' id='word_1_142' title='bbox 1237 2200 1539 2274; x_wconf 88' lang='lat' dir='ltr'><strong>proprium</strong></span> <span class='ocrx_word' id='word_1_143' title='bbox 1567 2200 1673 2256; x_wconf 90' lang='lat' dir='ltr'><strong>fuit</strong></span> <span class='ocrx_word' id='word_1_144' title='bbox 1701 2200 1826 2257; x_wconf 91' lang='lat' dir='ltr'><strong>eius</strong></span> <span class='ocrx_word' id='word_1_145' title='bbox 1854 2200 1914 2257; x_wconf 90' lang='lat' dir='ltr'><strong>in</strong></span> <span class='ocrx_word' id='word_1_146' title='bbox 1943 2216 2094 2257; x_wconf 87' lang='lat' dir='ltr'><strong>aevo</strong></span> <span class='ocrx_word' id='word_1_147' title='bbox 2116 2218 2138 2272; x_wconf 89' lang='grc'><em>3</em></span> 
     </span>
     <span class='ocr_line' id='line_1_23' title="bbox 488 2288 2208 2365; baseline 0.002 -18"><span class='ocrx_word' id='word_1_148' title='bbox 488 2291 783 2364; x_wconf 91' lang='lat' dir='ltr'><strong>multaque</strong></span> <span class='ocrx_word' id='word_1_149' title='bbox 813 2299 1113 2365; x_wconf 88' lang='lat' dir='ltr'><strong>praeterea</strong></span> <span class='ocrx_word' id='word_1_150' title='bbox 1142 2288 1335 2365; x_wconf 92' lang='lat' dir='ltr'><strong>perdit</strong></span> <span class='ocrx_word' id='word_1_151' title='bbox 1362 2307 1541 2364; x_wconf 88' lang='lat' dir='ltr'><strong>quam</strong></span> <span class='ocrx_word' id='word_1_152' title='bbox 1571 2288 1875 2365; x_wconf 80' lang='lat' dir='ltr'><strong>expellitur</strong></span> <span class='ocrx_word' id='word_1_153' title='bbox 1902 2298 2208 2365; x_wconf 60' lang='lat' dir='ltr'><strong>ame...-</strong></span> 
     </span>
     <span class='ocr_line' id='line_1_24' title="bbox 569 2380 2110 2455; baseline -0.001 -16"><span class='ocrx_word' id='word_1_154' title='bbox 569 2381 781 2439; x_wconf 91' lang='lat' dir='ltr'><strong>Dicere</strong></span> <span class='ocrx_word' id='word_1_155' title='bbox 810 2398 986 2455; x_wconf 90' lang='lat' dir='ltr'><strong>porro</strong></span> <span class='ocrx_word' id='word_1_156' title='bbox 1014 2381 1219 2438; x_wconf 91' lang='lat' dir='ltr'><strong>oculos</strong></span> <span class='ocrx_word' id='word_1_157' title='bbox 1246 2380 1467 2437; x_wconf 90' lang='lat' dir='ltr'><strong>nullam</strong></span> <span class='ocrx_word' id='word_1_158' title='bbox 1493 2398 1618 2438; x_wconf 90' lang='lat' dir='ltr'><strong>rem</strong></span> <span class='ocrx_word' id='word_1_159' title='bbox 1648 2398 1886 2438; x_wconf 91' lang='lat' dir='ltr'><strong>cernere</strong></span> <span class='ocrx_word' id='word_1_160' title='bbox 1915 2397 2110 2455; x_wconf 87' lang='lat' dir='ltr'><strong>posse,</strong></span> 
     </span>
     <span class='ocr_line' id='line_1_25' title="bbox 487 2470 2302 2547; baseline -0.001 -18"><span class='ocrx_word' id='word_1_161' title='bbox 487 2470 593 2529; x_wconf 91' lang='lat' dir='ltr'><strong>sed</strong></span> <span class='ocrx_word' id='word_1_162' title='bbox 622 2488 728 2546; x_wconf 92' lang='lat' dir='ltr'><strong>per</strong></span> <span class='ocrx_word' id='word_1_163' title='bbox 755 2489 857 2529; x_wconf 89' lang='lat' dir='ltr'><strong>eos</strong></span> <span class='ocrx_word' id='word_1_164' title='bbox 885 2470 1145 2529; x_wconf 88' lang='lat' dir='ltr'><strong>animum</strong></span> <span class='ocrx_word' id='word_1_165' title='bbox 1174 2481 1239 2530; x_wconf 92' lang='lat' dir='ltr'><strong>ut</strong></span> <span class='ocrx_word' id='word_1_166' title='bbox 1268 2471 1486 2530; x_wconf 89' lang='lat' dir='ltr'><strong>foribus</strong></span> <span class='ocrx_word' id='word_1_167' title='bbox 1514 2480 1779 2547; x_wconf 91' lang='lat' dir='ltr'><strong>spectare</strong></span> <span class='ocrx_word' id='word_1_168' title='bbox 1807 2471 2064 2543; x_wconf 82' lang='lat' dir='ltr'><strong>reclusis,</strong></span> <span class='ocrx_word' id='word_1_169' title='bbox 2201 2476 2302 2541; x_wconf 86' lang='lat'><strong>360</strong></span> 
     </span>
     <span class='ocr_line' id='line_1_26' title="bbox 487 2554 1988 2632; baseline 0.001 -13"><span class='ocrx_word' id='word_1_170' title='bbox 487 2561 793 2632; x_wconf 89' lang='lat' dir='ltr'><strong>difficilest,</strong></span> <span class='ocrx_word' id='word_1_171' title='bbox 825 2571 1029 2619; x_wconf 88' lang='lat' dir='ltr'><strong>contra</strong></span> <span class='ocrx_word' id='word_1_172' title='bbox 1057 2579 1195 2619; x_wconf 91' lang='lat' dir='ltr'><strong>cum</strong></span> <span class='ocrx_word' id='word_1_173' title='bbox 1226 2580 1430 2620; x_wconf 87' lang='lat' dir='ltr'><strong>sensus</strong></span> <span class='ocrx_word' id='word_1_174' title='bbox 1459 2562 1619 2619; x_wconf 90' lang='lat' dir='ltr'><strong>dicat</strong></span> <span class='ocrx_word' id='word_1_175' title='bbox 1649 2580 1853 2619; x_wconf 91' lang='lat' dir='ltr'><strong>eorum</strong></span> <span class='ocrx_word' id='word_1_176' title='bbox 1877 2584 1891 2620; x_wconf 72' lang='grc' dir='ltr'>ε</span> <span class='ocrx_word' id='word_1_177' title='bbox 1979 2554 1988 2563; x_wconf 74' lang='grc'><strong><em>’</em></strong></span> 
     </span>
     <span class='ocr_line' id='line_1_27' title="bbox 487 2651 2081 2727; baseline 0 -18"><span class='ocrx_word' id='word_1_178' title='bbox 487 2670 689 2709; x_wconf 89' lang='lat' dir='ltr'><strong>sensus</strong></span> <span class='ocrx_word' id='word_1_179' title='bbox 718 2652 873 2709; x_wconf 91' lang='lat' dir='ltr'><strong>enim</strong></span> <span class='ocrx_word' id='word_1_180' title='bbox 902 2652 1075 2709; x_wconf 88' lang='lat' dir='ltr'><strong>trahit</strong></span> <span class='ocrx_word' id='word_1_181' title='bbox 1104 2662 1280 2727; x_wconf 91' lang='lat' dir='ltr'><strong>atque</strong></span> <span class='ocrx_word' id='word_1_182' title='bbox 1310 2653 1466 2710; x_wconf 88' lang='lat' dir='ltr'><strong>acies</strong></span> <span class='ocrx_word' id='word_1_183' title='bbox 1496 2651 1755 2709; x_wconf 88' lang='lat' dir='ltr'><strong>detrudit</strong></span> <span class='ocrx_word' id='word_1_184' title='bbox 1781 2652 1861 2709; x_wconf 85' lang='lat' dir='ltr'><strong>ad</strong></span> <span class='ocrx_word' id='word_1_185' title='bbox 1888 2652 2042 2727; x_wconf 87' lang='lat' dir='ltr'><strong>ipsas</strong></span> <span class='ocrx_word' id='word_1_186' title='bbox 2064 2671 2081 2724; x_wconf 91' lang='lat'>;</span> 
     </span>
     <span class='ocr_line' id='line_1_28' title="bbox 487 2741 2078 2817; baseline 0.001 -18"><span class='ocrx_word' id='word_1_187' title='bbox 487 2741 704 2817; x_wconf 87' lang='lat' dir='ltr'><strong>fulgida</strong></span> <span class='ocrx_word' id='word_1_188' title='bbox 731 2743 1069 2817; x_wconf 85' lang='lat' dir='ltr'><strong>praesertim</strong></span> <span class='ocrx_word' id='word_1_189' title='bbox 1100 2761 1237 2800; x_wconf 91' lang='lat' dir='ltr'><strong>cum</strong></span> <span class='ocrx_word' id='word_1_190' title='bbox 1265 2761 1507 2800; x_wconf 89' lang='lat' dir='ltr'><strong>cernere</strong></span> <span class='ocrx_word' id='word_1_191' title='bbox 1539 2761 1715 2817; x_wconf 89' lang='lat' dir='ltr'><strong>saepe</strong></span> <span class='ocrx_word' id='word_1_192' title='bbox 1746 2742 2078 2817; x_wconf 84' lang='lat' dir='ltr'><strong>nequimuS‚</strong></span> 
     </span>
     <span class='ocr_line' id='line_1_29' title="bbox 486 2832 1916 2908; baseline 0.001 -19"><span class='ocrx_word' id='word_1_193' title='bbox 486 2833 706 2889; x_wconf 90' lang='lat' dir='ltr'><strong>lumina</strong></span> <span class='ocrx_word' id='word_1_194' title='bbox 733 2832 1046 2890; x_wconf 90' lang='lat' dir='ltr'><strong>luminibus</strong></span> <span class='ocrx_word' id='word_1_195' title='bbox 1074 2834 1213 2907; x_wconf 89' lang='lat' dir='ltr'><strong>quia</strong></span> <span class='ocrx_word' id='word_1_196' title='bbox 1241 2833 1410 2890; x_wconf 89' lang='lat' dir='ltr'><strong>nobis</strong></span> <span class='ocrx_word' id='word_1_197' title='bbox 1440 2832 1916 2908; x_wconf 88' lang='lat' dir='ltr'><strong>praepediuntur.</strong></span> 
     </span>
     <span class='ocr_line' id='line_1_30' title="bbox 487 2922 2297 2999; baseline 0 -19"><span class='ocrx_word' id='word_1_198' title='bbox 487 2923 648 2997; x_wconf 88' lang='lat' dir='ltr'><strong>quod</strong></span> <span class='ocrx_word' id='word_1_199' title='bbox 672 2922 889 2981; x_wconf 91' lang='lat' dir='ltr'><strong>foribus</strong></span> <span class='ocrx_word' id='word_1_200' title='bbox 908 2942 1031 2981; x_wconf 92' lang='lat' dir='ltr'><strong>non</strong></span> <span class='ocrx_word' id='word_1_201' title='bbox 1054 2924 1118 2981; x_wconf 88' lang='lat' dir='ltr'><strong>fit</strong></span> <span class='ocrx_word' id='word_1_202' title='bbox 1141 2945 1156 2996; x_wconf 93' lang='lat'>;</span> <span class='ocrx_word' id='word_1_203' title='bbox 1180 2943 1373 2998; x_wconf 90' lang='lat' dir='ltr'><strong>neque</strong></span> <span class='ocrx_word' id='word_1_204' title='bbox 1392 2924 1568 2995; x_wconf 87' lang='lat' dir='ltr'><strong>enim,</strong></span> <span class='ocrx_word' id='word_1_205' title='bbox 1589 2924 1725 2998; x_wconf 91' lang='lat' dir='ltr'><strong>quia</strong></span> <span class='ocrx_word' id='word_1_206' title='bbox 1743 2924 2035 2981; x_wconf 89' lang='lat' dir='ltr'><strong>cernimus</strong></span> <span class='ocrx_word' id='word_1_207' title='bbox 2053 2924 2184 2999; x_wconf 90' lang='lat' dir='ltr'><strong>ipsi,</strong></span> <span class='ocrx_word' id='word_1_208' title='bbox 2205 2931 2297 2995; x_wconf 83' lang='lat'><strong>365</strong></span> 
     </span>
     <span class='ocr_line' id='line_1_31' title="bbox 483 3014 1751 3089; baseline -0.001 -17"><span class='ocrx_word' id='word_1_209' title='bbox 483 3015 635 3072; x_wconf 87' lang='lat' dir='ltr'><strong>ostia</strong></span> <span class='ocrx_word' id='word_1_210' title='bbox 662 3014 984 3089; x_wconf 88' lang='lat' dir='ltr'><strong>suscipiunt</strong></span> <span class='ocrx_word' id='word_1_211' title='bbox 1013 3014 1190 3072; x_wconf 90' lang='lat' dir='ltr'><strong>ullum</strong></span> <span class='ocrx_word' id='word_1_212' title='bbox 1222 3015 1443 3072; x_wconf 89' lang='lat' dir='ltr'><strong>reclusa</strong></span> <span class='ocrx_word' id='word_1_213' title='bbox 1473 3016 1751 3072; x_wconf 85' lang='lat' dir='ltr'><strong>laborem.</strong></span> 
     </span>
     <span class='ocr_line' id='line_1_32' title="bbox 484 3107 1892 3184; baseline 0 -20"><span class='ocrx_word' id='word_1_214' title='bbox 484 3116 785 3184; x_wconf 88' lang='lat' dir='ltr'><strong>praeterea</strong></span> <span class='ocrx_word' id='word_1_215' title='bbox 812 3108 859 3165; x_wconf 88' lang='lat' dir='ltr'><strong>si</strong></span> <span class='ocrx_word' id='word_1_216' title='bbox 888 3126 996 3183; x_wconf 91' lang='lat' dir='ltr'><strong>pro</strong></span> <span class='ocrx_word' id='word_1_217' title='bbox 1026 3108 1239 3165; x_wconf 89' lang='lat' dir='ltr'><strong>foribus</strong></span> <span class='ocrx_word' id='word_1_218' title='bbox 1269 3117 1404 3165; x_wconf 90' lang='lat' dir='ltr'><strong>sunt</strong></span> <span class='ocrx_word' id='word_1_219' title='bbox 1432 3107 1650 3164; x_wconf 90' lang='lat' dir='ltr'><strong>lumina</strong></span> <span class='ocrx_word' id='word_1_220' title='bbox 1679 3116 1892 3179; x_wconf 89' lang='lat' dir='ltr'><strong>nostra,</strong></span> 
     </span>
     <span class='ocr_line' id='line_1_33' title="bbox 485 3197 1852 3273; baseline -0.001 -17"><span class='ocrx_word' id='word_1_221' title='bbox 485 3198 600 3256; x_wconf 88' lang='lat' dir='ltr'><strong>iarn</strong></span> <span class='ocrx_word' id='word_1_222' title='bbox 629 3198 815 3273; x_wconf 89' lang='lat' dir='ltr'><strong>magis</strong></span> <span class='ocrx_word' id='word_1_223' title='bbox 844 3199 1129 3273; x_wconf 87' lang='lat' dir='ltr'><strong>exemptis</strong></span> <span class='ocrx_word' id='word_1_224' title='bbox 1157 3198 1341 3255; x_wconf 89' lang='lat' dir='ltr'><strong>oculis</strong></span> <span class='ocrx_word' id='word_1_225' title='bbox 1374 3197 1592 3255; x_wconf 91' lang='lat' dir='ltr'><strong>debere</strong></span> <span class='ocrx_word' id='word_1_226' title='bbox 1621 3197 1852 3255; x_wconf 92' lang='lat' dir='ltr'><strong>videtur</strong></span> 
     </span>
     <span class='ocr_line' id='line_1_34' title="bbox 484 3289 1839 3363; baseline 0 -19"><span class='ocrx_word' id='word_1_227' title='bbox 484 3306 721 3345; x_wconf 89' lang='lat' dir='ltr'><strong>cernere</strong></span> <span class='ocrx_word' id='word_1_228' title='bbox 752 3306 843 3347; x_wconf 90' lang='lat' dir='ltr'><strong>res</strong></span> <span class='ocrx_word' id='word_1_229' title='bbox 871 3290 1097 3346; x_wconf 90' lang='lat' dir='ltr'><strong>animus</strong></span> <span class='ocrx_word' id='word_1_230' title='bbox 1126 3289 1361 3346; x_wconf 88' lang='lat' dir='ltr'><strong>sublatis</strong></span> <span class='ocrx_word' id='word_1_231' title='bbox 1389 3289 1655 3363; x_wconf 89' lang='lat' dir='ltr'><strong>postibus</strong></span> <span class='ocrx_word' id='word_1_232' title='bbox 1684 3289 1839 3363; x_wconf 88' lang='lat' dir='ltr'><strong>ipsis.</strong></span> 
     </span>
     <span class='ocr_line' id='line_1_35' title="bbox 569 3377 2300 3459; baseline 0.003 -25"><span class='ocrx_word' id='word_1_233' title='bbox 569 3377 722 3435; x_wconf 89' lang='lat' dir='ltr'><strong>Illud</strong></span> <span class='ocrx_word' id='word_1_234' title='bbox 751 3378 809 3435; x_wconf 90' lang='lat' dir='ltr'><strong>in</strong></span> <span class='ocrx_word' id='word_1_235' title='bbox 838 3378 927 3436; x_wconf 90' lang='lat' dir='ltr'><strong>his</strong></span> <span class='ocrx_word' id='word_1_236' title='bbox 955 3378 1125 3435; x_wconf 91' lang='lat' dir='ltr'><strong>rebus</strong></span> <span class='ocrx_word' id='word_1_237' title='bbox 1154 3397 1528 3453; x_wconf 86' lang='lat' dir='ltr'><strong>nequaquam</strong></span> <span class='ocrx_word' id='word_1_238' title='bbox 1557 3397 1786 3437; x_wconf 90' lang='lat' dir='ltr'><strong>sumere</strong></span> <span class='ocrx_word' id='word_1_239' title='bbox 1815 3378 2022 3454; x_wconf 77' lang='lat' dir='ltr'><strong>possi8‚</strong></span> <span class='ocrx_word' id='word_1_240' title='bbox 2191 3396 2300 3459; x_wconf 81' lang='lat'><strong>370</strong></span> 
     </span>
     <span class='ocr_line' id='line_1_36' title="bbox 488 3466 1893 3543; baseline 0.003 -20"><span class='ocrx_word' id='word_1_241' title='bbox 488 3466 814 3525; x_wconf 90' lang='lat' dir='ltr'><strong>Democriti</strong></span> <span class='ocrx_word' id='word_1_242' title='bbox 843 3468 1005 3543; x_wconf 89' lang='lat' dir='ltr'><strong>quod</strong></span> <span class='ocrx_word' id='word_1_243' title='bbox 1032 3478 1232 3525; x_wconf 86' lang='lat' dir='ltr'><strong>sancta</strong></span> <span class='ocrx_word' id='word_1_244' title='bbox 1261 3469 1361 3525; x_wconf 91' lang='lat' dir='ltr'><strong>viri</strong></span> <span class='ocrx_word' id='word_1_245' title='bbox 1391 3469 1680 3527; x_wconf 88' lang='lat' dir='ltr'><strong>sententia</strong></span> <span class='ocrx_word' id='word_1_246' title='bbox 1707 3470 1893 3543; x_wconf 91' lang='lat' dir='ltr'><strong>ponit,</strong></span> 
     </span>
     <span class='ocr_line' id='line_1_37' title="bbox 487 3557 1956 3636; baseline 0.006 -25"><span class='ocrx_word' id='word_1_247' title='bbox 487 3557 749 3629; x_wconf 89' lang='lat' dir='ltr'><strong>corporis</strong></span> <span class='ocrx_word' id='word_1_248' title='bbox 776 3567 950 3631; x_wconf 88' lang='lat' dir='ltr'><strong>atque</strong></span> <span class='ocrx_word' id='word_1_249' title='bbox 978 3558 1155 3615; x_wconf 89' lang='lat' dir='ltr'><strong>animi</strong></span> <span class='ocrx_word' id='word_1_250' title='bbox 1184 3559 1504 3635; x_wconf 88' lang='lat' dir='ltr'><strong>primordia</strong></span> <span class='ocrx_word' id='word_1_251' title='bbox 1531 3559 1754 3636; x_wconf 86' lang='lat' dir='ltr'><strong>singula</strong></span> <span class='ocrx_word' id='word_1_252' title='bbox 1780 3560 1956 3635; x_wconf 87' lang='lat' dir='ltr'><strong>privis</strong></span> 
     </span>
    </p>
   </div>
  </div>
 </body>
</html>
