2784 3992
520 342 653 415 1v.]
965 342 1075 397 DE
1127 341 1420 398 RERUM
1477 344 1819 399 NATURA
2215 345 2239 393 1
2259 347 2336 412 19

514 503 1003 586 QQQCtabLliter
1029 504 1224 563 caulas
1252 505 1463 563 intrare
1491 505 1685 581 palati,
2229 515 2329 565 660

513 604 573 651 at
600 604 805 653 contra
831 595 1042 669 quibus
1072 605 1160 653 est
1189 595 1400 654 eadem
1429 615 1521 655 res
1549 597 1704 655 intus
1730 596 1963 669 acerba,

513 702 717 760 aspera
744 685 1013 743 nimirum
1042 696 1351 761 penetrant
1380 687 1732 762 hamataque
1761 688 1981 747 fauces,

511 794 669 833 nunc
698 776 866 833 facile
895 786 982 833 est
1010 794 1084 833 ex
1113 776 1201 835 his
1231 778 1405 835 rebus
1435 796 1795 853 cognoscere
1824 796 2113 853 quaeque.

513 866 732 941 quippe
760 867 859 924 ubi
889 867 985 924 cui
1010 867 1183 925 febris
1211 868 1309 925 bili
1338 878 1650 943 superante
1680 879 1884 927 coorta
1913 878 2001 927 est

510 966 611 1013 aut
638 957 750 1013 alia
776 958 998 1015 ratione
1028 958 1273 1032 aliquast
1299 958 1384 1016 vis
1415 959 1609 1015 excita
1637 960 1843 1031 morbi,
2226 966 2322 1031 665

510 1048 877 1122 perturbatur
903 1047 983 1105 ibi
1011 1048 1126 1105 iam
1154 1058 1343 1106 totum
1373 1066 1589 1124 corpus
1617 1058 1678 1107 et
1705 1068 1913 1109 omnes

510 1148 948 1196 commutantur
974 1138 1052 1197 ibi
1080 1139 1376 1214 positurae
1406 1140 1826 1215 principiorum
1848 1160 1867 1214 3

510 1227 574 1285 fit
600 1229 760 1304 prius
788 1228 866 1287 ad
893 1246 1127 1287 sensum
1155 1239 1221 1287 ut
1248 1248 1402 1304 quae
1431 1249 1680 1306 corpora
1709 1230 2145 1290 conveniebant

509 1337 666 1377 nunc
695 1338 820 1379 non
848 1321 1219 1392 conveniant,
1250 1330 1309 1379 et
1337 1330 1533 1380 cetera
1560 1322 1673 1380 sint
1700 1322 1884 1397 magis
1912 1332 2066 1397 apta,

510 1428 659 1485 quae
681 1420 985 1486 penetrata
1004 1421 1229 1487 queunt
1249 1430 1486 1471 sensum
1507 1413 1853 1489 progignere
1871 1414 2149 1471 acerbum
2170 1433 2189 1486 3
2217 1419 2329 1487 670

473 1528 479 1548 ι
510 1510 751 1576 utraque
780 1496 939 1559 enim
968 1511 1103 1559 sunt
1131 1502 1190 1559 in
1218 1504 1405 1562 mellis
1434 1504 1755 1561 commixta
1783 1521 1990 1579 sapore
2010 1522 2029 1576 3

478 1563 569 1649 lid
596 1591 763 1666 quod
791 1592 908 1649 iam
936 1610 1146 1667 supera
1170 1593 1277 1651 tibi
1305 1612 1482 1669 saepe
1511 1593 1876 1653 ostendimus
1902 1603 2057 1652 ante.

589 1683 770 1741 Nunc
798 1701 907 1759 age
935 1702 1055 1758 quo
1083 1694 1261 1759 pacto
1288 1685 1440 1743 naris
1468 1684 1734 1742 adiectus
1763 1684 1962 1743 odoris

506 1782 707 1849 tangat
733 1792 923 1849 agam.
952 1774 1204 1849 primum
1231 1793 1324 1833 res
1352 1775 1562 1833 multas
1591 1793 1719 1833 esse
1747 1783 2046 1833 necessest

506 1863 666 1923 unde
696 1863 882 1922 fluens
909 1865 1100 1924 volvat
1126 1865 1314 1923 varius
1343 1884 1406 1923 se
1438 1865 1646 1923 fluctus
1676 1864 1949 1937 odorum,
2125 1876 2134 1883 ‘
2224 1871 2320 1936 675

507 1964 567 2013 et
592 1954 773 2013 fluere
804 1964 863 2013 et
890 1956 1040 2013 mitti
1066 1955 1240 2031 volgo
1269 1957 1578 2032 spargique
1607 1955 1992 2031 putandumst
2012 1974 2031 2028 3

506 2064 711 2103 verum
740 2046 861 2104 aliis
889 2046 1031 2103 alius
1061 2046 1242 2121 magis
1272 2055 1360 2105 est
1387 2046 1779 2104 animantibus
1807 2055 1977 2121 aptus

506 2134 798 2195 dissimilis
826 2146 1066 2211 propter
1091 2137 1325 2195 formas,
1355 2136 1612 2211 ideoque
1641 2155 1748 2212 per
1774 2154 1942 2195 auras

506 2228 692 2286 mellis
721 2244 861 2303 apes
891 2227 1153 2302 quamvis
1182 2227 1356 2303 longe
1387 2226 1683 2285 ducuntur
1709 2227 1914 2300 odore,

505 2318 851 2394 volturiique
880 2317 1275 2376 cadaveribus.
1307 2327 1431 2376 tum
1460 2318 1594 2377 fissa
1621 2319 1870 2376 ferarum
2223 2322 2325 2374 680

505 2410 723 2485 ungula
750 2427 870 2485 quo
898 2408 1089 2466 tulerit
1115 2426 1375 2483 gressum
1406 2409 1687 2483 permissa
1717 2427 1928 2466 canum
1956 2407 2042 2466 vis

506 2499 689 2572 ducit,
721 2509 780 2557 et
807 2500 1129 2557 humanum
1159 2500 1331 2579 longe
1360 2500 1678 2574 praesentit
1705 2499 1953 2557 odorem

506 2589 956 2649 Romulidarum
984 2590 1132 2649 arcis
1160 2599 1416 2648 servator
1443 2588 1732 2647 candidus
1760 2607 1946 2648 anser.

504 2682 591 2740 sic
618 2682 743 2739 aliis
771 2680 913 2739 alius
940 2679 1113 2738 nidor
1141 2679 1311 2738 datus
1340 2679 1418 2737 ad
1447 2698 1552 2737 sua
1578 2697 1875 2756 quemque

504 2772 721 2849 pabula
749 2770 912 2829 ducit
940 2780 999 2829 et
1027 2789 1063 2828 a
1090 2779 1275 2829 taetro
1304 2770 1518 2828 resilire
1547 2788 1779 2829 veneno
2223 2776 2318 2842 685

504 2863 682 2939 cogit,
715 2879 906 2936 eoque
935 2860 1119 2919 modo
1147 2871 1446 2919 servantur
1473 2861 1665 2919 saecla
1693 2862 1955 2919 ferarum.

588 2952 710 3011 Hic
739 2951 891 3011 odor
918 2952 1042 3027 ipse
1074 2951 1257 3027 igitur,
1292 2951 1443 3009 naris
1473 2952 1829 3026 quicumque
1859 2951 2105 3022 lacessit,

504 3055 596 3104 est
622 3045 734 3104 alio
764 3055 828 3103 ut
855 3044 1039 3120 possit
1067 3045 1321 3119 permitti
1350 3044 1580 3119 longius
1609 3044 1751 3101 alter
1776 3064 1793 3116 3

504 3137 615 3197 sed
642 3147 840 3195 tamen
871 3137 1027 3197 haud
1057 3138 1365 3212 quisquam
1394 3147 1518 3194 tam
1549 3136 1722 3211 longe
1753 3137 1929 3193 fertur
1957 3153 2161 3193 eorum

504 3246 686 3303 quam
715 3228 955 3299 sonitus,
976 3246 1153 3304 quam
1176 3246 1309 3299 VOX,
1335 3228 1504 3285 mitto
1527 3226 1644 3284 iam
1672 3226 1867 3284 dicere
1899 3244 2076 3303 quam
2105 3243 2196 3283 res
2223 3232 2319 3297 690

504 3337 660 3395 quae
687 3318 897 3377 feriunt
924 3318 1226 3377 oculorum
1255 3318 1411 3376 acies
1441 3319 1744 3392 visumque
1773 3317 2080 3375 lacessunt.

505 3408 868 3468 errabundus
897 3409 1055 3467 enim
1083 3408 1247 3466 tarde
1277 3410 1438 3466 venit
1466 3427 1536 3466 ac
1565 3409 1716 3484 perit
1743 3417 1878 3465 ante

502 3500 787 3576 paulatim
816 3499 994 3557 facilis
1023 3498 1332 3557 distractus
1360 3499 1420 3555 in
1449 3499 1596 3559 aeris
1623 3516 1790 3556 auras
1810 3517 1829 3571 3

504 3608 585 3650 ex
610 3589 731 3649 alto
758 3590 1011 3664 primum
1039 3590 1177 3664 quia
1205 3590 1299 3647 vix
1328 3589 1608 3647 emittitur
1634 3606 1708 3645 ex
1734 3606 1832 3646 re:
