2784 3992
611 341 689 412 1.]
1077 341 1185 394 DE
1249 333 1542 395 RERUM
1601 341 1943 434 NQTURA
2378 343 2411 408 3

605 523 756 579 quae
785 513 962 580 caput
989 523 1024 563 a
1051 505 1197 562 caeli
1224 504 1557 580 regionibus
1580 505 1934 564 ostendebat

604 595 856 654 horribili
885 612 1058 671 super
1085 605 1328 676 aspectu
1359 596 1694 670 mortalibus
1722 597 1963 669 iustam,
2350 605 2412 669 65

601 687 853 760 primum
885 687 1090 744 Graius
1121 687 1299 748 homo
1331 687 1585 744 mortalis
1614 687 1813 744 tollere
1843 696 2047 745 contra

601 786 688 833 est
718 778 920 834 oculos
949 796 1120 834 ausus
1149 779 1483 852 primusque
1515 778 1794 840 obsistere
1824 789 2045 850 contra,

601 884 777 940 quem
807 885 999 941 neque
1030 868 1182 924 fama
1211 867 1390 924 deum
1420 886 1531 924 nec
1562 867 1802 925 fulmina
1830 887 1942 926 nec
1973 868 2259 936 minitanti

601 977 891 1015 murmure
921 959 1267 1032 compressit
1296 949 1680 1036 caelum,·sed
1711 978 1784 1017 eo
1814 961 1995 1035 magis
2025 978 2221 1018 acrem

597 1049 789 1106 inritat
818 1049 994 1106 animi
1021 1050 1308 1119 virtutem,
1340 1049 1641 1124 effringere
1672 1059 1736 1108 ut
1763 1061 1885 1108 arta
2140 1103 2151 1112 .
2351 1071 2414 1118 70

597 1148 834 1197 naturae
865 1141 1081 1213 primus
1110 1149 1407 1214 portarum
1436 1141 1684 1198 claustra
1712 1142 1953 1216 cupiret.

597 1248 734 1305 ergo
763 1229 954 1287 vivida
981 1231 1065 1287 vis
1095 1231 1271 1287 animi
1300 1232 1558 1304 pervicit,
1592 1241 1649 1289 et
1678 1241 1838 1289 extra

593 1321 880 1395 processit
907 1320 1081 1395 longe
1112 1321 1471 1379 flammantia
1498 1322 1733 1380 moenia
1762 1322 1967 1380 mundi

594 1422 769 1486 atque
797 1429 975 1470 omne
1006 1412 1355 1478 immensum
1385 1413 1707 1488 peragravit
1734 1423 1933 1471 mente
1962 1413 2299 1486 animoque,

593 1501 752 1559 unde
781 1503 953 1560 refert
980 1503 1149 1561 nobis
1177 1505 1362 1560 victor
1389 1503 1532 1577 quid
1562 1504 1746 1577 possit
1774 1504 1925 1574 oriri,
2347 1519 2408 1574 75

594 1592 737 1667 quid
766 1604 1038 1669 nequeat,
1068 1595 1230 1652 finita
1256 1603 1516 1669 potestas
1546 1593 1803 1669 denique
1832 1594 2045 1669 cuique

593 1702 847 1759 quanam
877 1685 949 1742 sit
975 1685 1199 1741 ratione
1231 1691 1405 1758 atque
1435 1685 1547 1742 alte
1578 1685 1858 1742 terminus
1888 1684 2149 1758 haerenS.

594 1793 770 1848 quare
800 1775 1000 1849 religio
1031 1774 1279 1847 pedibus
1309 1776 1573 1832 subiecta
1598 1775 1851 1833 vicissim

592 1866 890 1940 opteritur‚
923 1884 1030 1922 nos
1059 1875 1344 1939 exaequat
1371 1866 1614 1924 victoria
1640 1866 1825 1924 caelo.

673 1955 826 2013 Illud
856 1957 914 2013 in
944 1956 1031 2013 his
1061 1957 1231 2013 rebus
1261 1975 1481 2027 vereor,
1512 1974 1586 2013 ne
1617 1957 1762 2013 forte
1791 1956 1965 2014 rearis
2344 1963 2409 2013 80

592 2047 752 2120 inpia
779 2055 837 2105 te
865 2046 1102 2104 rationis
1133 2047 1274 2104 inire
1306 2047 1599 2105 elementa
1628 2047 1899 2120 viamque

593 2136 898 2212 indugredi
929 2137 1175 2195 sceleris,
1209 2137 1372 2211 quod
1403 2146 1607 2194 contra
1635 2138 1867 2211 saepius
1898 2137 1994 2196 illa

589 2227 789 2302 religio
818 2228 1046 2302 peperit
1075 2227 1364 2285 scelerosa
1391 2238 1567 2301 atque
1600 2228 1780 2302 impia
1806 2229 1980 2286 facta.

589 2317 798 2376 Aulide
829 2337 950 2392 quo
979 2329 1155 2392 pacto
1183 2319 1395 2405 Triyiai
1424 2319 1657 2394 virginis
1688 2337 1846 2376 aram

591 2409 949 2482 Iphianassai
979 2418 1280 2482 turparunt
1309 2410 1586 2484 sanguine
1618 2408 1792 2467 foede
2102 2469 2104 2472 Α

589 2497 863 2556 ductores
895 2501 1168 2556 Danaum
1199 2499 1431 2570 delecti,
1462 2501 1647 2573 prima
1672 2500 1942 2556 virorum.
2068 2463 2178 2576 “41-²¹

590 2590 687 2647 cui
716 2590 885 2648 simul
915 2591 1093 2647 infula
1120 2591 1409 2664 virgineos
1439 2588 1799 2646 circumdata
1826 2598 2101 2672 comptus
2153 2577 2192 2670 Γ
2238 2614 2274 2670 „5

587 2698 660 2737 ex
689 2689 931 2754 utraque
961 2681 1082 2755 pari
1115 2681 1398 2737 malarum
1425 2689 1587 2754 parte
1617 2681 1924 2754 profusast,
2260 2719 2262 2721 .
2292 2655 2344 2709 ³*

588 2781 647 2828 et
675 2780 963 2830 maestum
994 2771 1162 2829 simul
1191 2783 1326 2828 ante
1356 2789 1481 2828 aras
1511 2770 1739 2828 adstare
1769 2780 2071 2844 parentem

585 2863 763 2919 sensit
783 2849 850 2920 gt
877 2862 1034 2920 hunc
1059 2872 1301 2938 propter
1328 2863 1540 2918 ferrum
1571 2862 1759 2918 celare
1789 2861 2081 2919 ministros
2338 2879 2405 2932 90

585 2962 944 3026 aspectuque
975 2943 1092 3010 su‘o
1111 2952 1373 3009 lacrimas
1404 2952 1701 3008 effundere
1732 2952 1889 3022 civiS‚

588 3054 750 3101 muta
777 3053 938 3100 metu
967 3052 1176 3100 terram
1205 3044 1449 3118 genibus
1480 3043 1785 3100 summissa
1811 3042 2067 3116 petebat.

586 3151 698 3191 nec
729 3134 970 3191 miserae
998 3132 1278 3208 prodesse
1308 3133 1368 3191 in
1398 3135 1495 3190 tali
1524 3144 1786 3207 tempore
1817 3133 2032 3206 quibat
2077 3131 2085 3138 ’
2132 3114 2207 3184 7¹--

587 3223 750 3298 quod
778 3225 964 3298 patrio
994 3225 1266 3299 princeps
1296 3224 1542 3281 donarat
1569 3225 1807 3281 nomine
1836 3227 2036 3298 regem
2056 3243 2074 3295 ;

587 3334 724 3374 nam
751 3315 975 3374 sublata
1001 3316 1186 3373 virum
1216 3316 1483 3373 manibus
1511 3314 1997 3389 tremibundaque
2027 3313 2102 3371 ad
2131 3331 2257 3372 aras
2337 3331 2399 3386 95

587 3406 913 3479 deductast,
944 3425 1065 3465 non
1093 3416 1158 3464 ut
1186 3407 1453 3464 sollemni
1482 3425 1643 3463 more
1674 3424 1968 3464 sacrorum

585 3499 850 3572 perfecto
879 3506 1076 3571 posset
1104 3497 1267 3580 Q
1292 3497 1557 3554 comitari
1589 3499 1961 3572 Hymenaeo,
2038 3471 2301 3624 bests·

589 3587 695 3646 sed
725 3597 884 3646 casta
914 3588 1132 3644 inceste
1164 3586 1424 3645 nubendi
1454 3597 1717 3662 tempore
1746 3587 1805 3644 in
1832 3587 1962 3660 ipso

2342 2416 2405 2480 85
