2784 3992
468 301 554 364 62
1143 316 1604 369 LUCRETIUS
2161 316 2273 385 [11.

554 477 858 535 Praeterea
884 476 1159 551 quoniam
1192 474 1361 534 dolor
1388 485 1477 533 est
1503 476 1604 534 ubi
1631 475 1891 535 materiai

470 585 718 643 corpora
744 567 800 624 vi
830 566 1085 642 quadam
1113 584 1219 640 per
1246 567 1468 624 viscera
1494 567 1624 625 viva
1650 585 1756 643 per
1782 577 1938 626 artus

450 658 775 719 sollicitata
802 658 919 716 suis
948 655 1243 732 trepidant
1270 656 1329 714 in
1358 656 1596 715 sedibus
1623 658 1795 730 intus,
2178 666 2273 732 965

467 750 644 824 inque
671 748 869 805 locum
901 745 1140 823 quando
1154 730 1499 823 'remigrann
1529 748 1594 806 fit
1621 748 1834 806 blanda
1859 748 2143 823 voluptas,

468 839 611 897 scire
642 840 777 897 licet
805 838 962 896 nullo
992 837 1309 913 primordia
1336 856 1510 913 posse
1532 837 1736 896 dolore

467 930 737 1005 temptari
767 929 1101 1003 nullamque
1134 928 1490 1003 voluptatem
1521 944 1731 1002 capere
1761 946 1835 985 ex
1861 946 1925 987 se
1947 950 1966 1002 3

467 1018 946 1096 quandoquidem
978 1037 1099 1077 non
1132 1028 1265 1076 sunt
1294 1036 1368 1077 ex
1393 1018 1520 1077 ullis
1549 1018 1964 1093 principiorum

465 1110 823 1185 corporibuS,
854 1128 1103 1184 quorum
1132 1118 1325 1167 motus
1355 1108 1610 1167 novitate
1639 1108 1903 1167 laborent
2179 1130 2278 1185 970

466 1210 565 1258 aut
592 1200 845 1276 aliquem
874 1201 1125 1259 fructum
1154 1200 1388 1275 capiant
1417 1198 1742 1257 dulcedinis
1770 1199 1976 1273 almae,
2030 1243 2046 1251 -

466 1291 605 1349 haut
633 1291 802 1367 igitur
830 1290 1051 1349 debent
1080 1308 1209 1348 esse
1239 1290 1355 1347 ullo
1386 1288 1650 1365 praedita
1680 1308 1870 1348 sensu.

546 1382 819 1456 Denique
847 1382 930 1440 uti
957 1381 1183 1456 possint
1210 1380 1420 1438 sentire
1449 1380 1717 1439 animalia
1743 1398 2031 1456 quaeque,

463 1473 759 1547 principiis
787 1473 834 1530 si
864 1473 978 1530 iam
1007 1480 1095 1530 est
1122 1489 1324 1529 sensus
1355 1469 1697 1529 tribuendus
1726 1488 1949 1543 eorum,

462 1562 624 1637 quid,
640 1580 823 1638 genus
846 1562 1167 1620 humanum
1190 1562 1493 1636 propritim
1518 1560 1594 1619 de
1613 1561 1814 1635 quibu'
1834 1561 2106 1621 factumst
2120 1564 2148 1621 ?
2173 1582 2270 1636 975

460 1654 681 1711 scilicet
709 1663 769 1712 et
794 1654 907 1711 risu
937 1652 1183 1710 tremulo
1211 1670 1500 1710 concussa
1528 1651 1883 1710 cachinnant

461 1754 519 1802 et
546 1744 793 1802 lacrimis
822 1752 1099 1819 spargunt
1127 1742 1452 1801 rorantibus
1484 1760 1586 1799 ora
1612 1760 1908 1847 genasqu

460 1835 755 1909 multaque
785 1834 863 1892 de
891 1852 1082 1892 rerum
1112 1834 1358 1891 mixtura
1387 1832 1585 1891 dicere
1617 1832 1829 1890 callent

459 1934 518 1983 et
545 1926 653 1984 sibi
682 1943 965 2000 proporro
992 1941 1142 1999 quae
1172 1924 1284 1982 sint
1312 1922 1630 1998 primordia
1658 1933 1944 1999 quaerunt
1964 1945 1982 1997 3

459 2015 940 2091 quandoquidem
969 2015 1103 2073 totis
1132 2014 1470 2072 mortalibus
1501 2013 1846 2071 adsimulata
2167 2023 2270 2089 980

457 2107 583 2181 ipsa
610 2124 847 2181 quoque
876 2123 950 2163 ex
976 2104 1099 2163 aliis
1128 2104 1349 2163 debent
1378 2114 1646 2163 constare
1676 2105 1994 2177 elementiS,

456 2196 594 2255 inde
623 2198 733 2255 alia
761 2215 834 2255 ex
862 2197 1002 2268 aliis,
1031 2214 1323 2271 nusquam
1351 2196 1669 2255 consistere
1699 2205 1763 2253 ut
1791 2196 1943 2254 ausis
1967 2217 1981 2253 z

456 2288 675 2363 quippe
705 2306 929 2363 sequar,
960 2286 1379 2362 quodcumque
1409 2286 1569 2361 loqui
1596 2285 1904 2361 ridereque
1933 2285 2096 2344 dices

457 2387 515 2435 et
542 2396 764 2453 sapere,
796 2397 869 2436 ex
896 2378 1019 2436 aliis
1049 2376 1258 2437 eadem
1289 2377 1438 2434 haec
1465 2376 1812 2435 facientibus
1841 2386 1905 2434 ut
1932 2377 2021 2435 sit.

456 2468 619 2543 quod
647 2469 694 2526 si
723 2468 901 2527 delira
929 2469 1076 2525 haec
1104 2467 1434 2540 furiosaque
1463 2468 1756 2525 cernimus
1785 2484 1913 2525 esse
2163 2474 2261 2539 985

456 2569 515 2617 et
542 2559 729 2617 ridere
757 2567 952 2634 potest
979 2576 1102 2615 non
1130 2576 1205 2615 ex
1229 2557 1541 2616 ridentibu'
1570 2558 1756 2616 factus
2037 2546 2042 2551 ’

458 2659 515 2706 et
542 2667 745 2724 sapere
774 2658 833 2707 et
860 2648 1050 2707 doctis
1078 2649 1360 2706 rationem
1390 2646 1639 2706 reddere
1669 2647 1842 2706 dictis

456 2756 574 2796 non
605 2758 679 2797 ex
706 2740 1021 2797 seminibus
1051 2739 1408 2814 sapientibus
1436 2748 1612 2813 atque
1641 2737 1886 2810 disertiS,

456 2830 555 2903 qui
583 2830 773 2887 minus
804 2848 929 2887 esse
959 2838 1178 2904 queant
1206 2847 1277 2886 ea
1304 2847 1455 2903 quae
1485 2828 1696 2887 sentire
1718 2828 1984 2887 videmus

454 2920 769 2977 seminibus
798 2920 1083 2994 permixta
1111 2920 1440 2977 carentibus
1469 2918 1729 2994 undique
1759 2920 1975 2978 sensu?
2161 2940 2264 2991 990

535 3010 805 3083 Denique
836 3011 1069 3068 caelesti
1098 3028 1297 3068 sumus
1325 3028 1533 3068 omnes
1561 3010 1783 3067 semine
1812 3008 2042 3067 oriundi
2063 3030 2081 3081 3

452 3100 724 3157 omnibus
753 3100 845 3157 ille
876 3100 1035 3158 idem
1062 3110 1229 3175 pater
1255 3110 1361 3172 est,
1393 3100 1551 3158 unde
1580 3100 1732 3158 alma
1759 3100 2033 3174 liquentis

453 3190 667 3248 umoris
695 3200 884 3266 guttas
913 3200 1097 3249 mater
1124 3210 1261 3249 cum
1289 3201 1440 3248 terra
1465 3191 1704 3266 recepit,

452 3281 568 3338 feta
596 3282 743 3355 parit
771 3281 983 3341 nitidas
1013 3283 1203 3357 fruges
1232 3282 1583 3355 arbustaque
1611 3282 1763 3338 laeta
1828 3328 1838 3335 .

453 3380 511 3427 et
538 3390 721 3445 genus
749 3372 1091 3445 humanum,
1121 3373 1270 3447 parit
1297 3372 1497 3429 omnia
1523 3371 1715 3429 saecla
1742 3371 2009 3439 ferarum,
2161 3390 2258 3444 995

452 3461 664 3534 pabula
690 3480 825 3519 cum
855 3463 1095 3537 praebet
1122 3463 1333 3537 quibus
1361 3481 1570 3520 omnes
1597 3480 1846 3537 corpora
1871 3469 2123 3541 pascunt

455 3560 513 3606 et
542 3550 772 3608 dulcem
800 3551 1022 3610 ducunt
1049 3554 1223 3610 vitam
1251 3553 1594 3627 prolemque
1625 3562 1950 3628 propagant
1969 3572 1987 3624 3
