2784 3992
1081 238 1098 269 Χ

370 312 410 361 2
907 295 916 300 ’
1045 307 1505 396 15UCRET1US
2102 303 2181 374 [1.

370 483 429 532 te
458 473 680 533 sociam
709 471 918 530 studeo
949 469 1270 530 scribendis
1297 469 1555 526 versibus
1585 485 1712 526 esse

281 551 285 555 ⁵
373 581 520 639 quos
549 581 660 638 ego
691 561 766 619 de
795 580 987 619 rerum
1017 571 1218 619 natura
1241 577 1492 636 pangere
1522 577 1708 616 conor
2122 575 2180 629 25

375 652 771 712 Memmiadae
803 655 1020 723 nostro,
1052 670 1229 726 quem
1258 661 1339 723 tu,
1370 649 1501 720 dea,
1533 659 1797 725 tempore
1827 649 1887 706 in
1916 648 2077 707 omni

372 746 643 803 omnibus
672 753 940 802 ornatum
967 743 1194 800 voluisti
1223 741 1506 799 excellere
1535 740 1725 799 rebus,

371 854 490 910 quo
519 836 700 910 magis
732 820 1032 892 aeternum
1061 832 1139 890 da
1166 832 1356 904 dictis,
1387 831 1539 903 diva,
1568 832 1846 906 leporem.

372 926 539 983 effice
569 936 632 982 ut
661 927 880 982 interea
907 925 1028 982 fera
1055 941 1335 981 moenera
1363 922 1582 980 militiai

370 1035 474 1090 per
501 1017 680 1073 maria
708 1035 778 1072 ac
807 1025 982 1072 terras
1013 1015 1201 1072 omnis
1231 1014 1421 1089 sopita
1448 1013 1767 1088 quiescant.
2118 1031 2182 1082 30

371 1125 506 1163 nam
536 1117 599 1164 tu
629 1095 751 1184 sola
778 1097 948 1180 potes
976 1105 1282 1178 tranquilla
1308 1123 1457 1179 pace
1488 1104 1679 1161 iuvare

371 1197 641 1268 mortaIiS,
675 1198 950 1271 quoniam
982 1196 1116 1254 belli
1144 1197 1264 1254 fera
1291 1213 1571 1253 moenera
1599 1196 1835 1251 Mavors

369 1289 724 1362 armipotens
751 1287 914 1362 regit,
945 1288 1004 1344 in
1033 1287 1317 1362 gremium
1347 1286 1448 1360 qui
1471 1302 1646 1360 saepe
1676 1295 1841 1343 tuum
1870 1301 1932 1342 se

366 1379 531 1435 reicit
558 1387 796 1435 aeterno
826 1377 1090 1436 devictus
1110 1377 1344 1434 vulnere
1374 1376 1605 1448 amoris,

368 1478 544 1542 atque
573 1469 652 1525 ita
680 1469 1001 1543 suspiciens
1031 1469 1198 1526 tereti
1227 1468 1454 1526 cervice
1482 1475 1719 1541 reposta
1750 1525 1753 1528 ,
2114 1483 2175 1537 35

367 1559 554 1634 pascit
581 1577 780 1616 amore
809 1558 1008 1616 avidos
1038 1559 1264 1616 inhians
1294 1559 1352 1615 in
1381 1569 1458 1631 te,
1490 1557 1621 1629 dea,
1650 1556 1823 1628 visuS‚

369 1667 520 1723 eque
552 1657 654 1707 tuo
683 1648 907 1724 pendet
934 1650 1188 1723 resupini
1218 1650 1447 1722 spiritus
1477 1667 1596 1707 ore.

366 1739 525 1797 hunc
553 1749 634 1810 tu,
656 1726 816 1811 diva,
847 1749 947 1797 tuo
977 1741 1352 1796 recubantem
1385 1757 1630 1814 corpore
1662 1746 1865 1796 sancto

367 1831 716 1888 circumfusa
745 1849 933 1904 super,
965 1831 1153 1888 suavis
1182 1848 1255 1887 ex
1283 1849 1382 1887 ore
1414 1830 1691 1904 loquellas

364 1920 544 1978 funde
574 1931 782 1996 petens
811 1920 1104 1995 placidam
1135 1921 1436 1991 Romanis,
1470 1920 1703 1991 incluta,
1733 1896 1963 1994 pacem.
2112 1940 2177 1988 40

365 2030 501 2069 nam
531 2030 724 2086 neque
755 2030 863 2069 nos
893 2030 1061 2087 agere
1093 2011 1207 2068 hoc
1236 2012 1440 2086 patriai
1469 2021 1731 2084 tempore
1762 2011 1964 2084 iniquo

363 2120 676 2177 possumus
705 2120 896 2176 aequo
925 2103 1120 2159 animo
1151 2120 1262 2160 nec
1295 2102 1543 2159 Memmi
1562 2087 1725 2158 ⁸clara
1752 2118 2014 2176 propago

362 2193 570 2251 talibus
600 2193 660 2250 in
689 2193 861 2250 rebus
891 2193 1191 2250 communi
1219 2192 1602 2250 dessesaluti.

1247 2295 1281 2328 *-
1383 2337 1388 2342 ¹
1543 2331 1547 2335 .

363 2373 525 2448 quod
554 2375 832 2447 superest,
862 2392 1072 2431 vacuas
1102 2373 1251 2430 auris
1280 2374 1657 2447 animumque
1689 2389 1961 2447 sagacem
2111 2390 2176 2443 50

362 2473 652 2522 semotum
681 2483 717 2520 a
739 2465 899 2536 'curis
928 2463 1140 2521 adhibe
1170 2482 1364 2521 veram
1394 2463 1471 2521 ad
1499 2464 1802 2535 rationem,

361 2573 437 2612 ne
466 2573 598 2612 mea
627 2553 786 2612 dona
813 2554 916 2611 tibi
946 2553 1139 2612 studio
1169 2554 1430 2628 disposta
1458 2553 1635 2626 fideli,

361 2645 652 2703 intellecta
679 2638 837 2722 prius
867 2663 1043 2718 quam
1071 2646 1200 2716 sint,
1232 2655 1570 2720 contempta
1597 2644 1904 2719 relinquas,

361 2754 499 2793 nam
528 2736 631 2794 tibi
661 2735 735 2792 de
767 2755 996 2793 summa
1023 2737 1170 2793 caeli
1198 2737 1420 2794 ratione
1451 2735 1747 2809 deumque

361 2825 641 2884 disserere
672 2826 948 2900 incipiam
977 2836 1036 2883 et
1063 2844 1253 2884 rerum
1282 2825 1601 2900 primordia
1628 2825 1903 2900 pandam,
2108 2843 2169 2897 55

359 2915 517 2973 unde
546 2905 738 2973 omnis
767 2926 970 2972 natura
998 2926 1156 2974 creet
1182 2935 1271 2974 res
1301 2925 1497 2973 auctet
1524 2917 1754 2989 alatque

277 3001 280 3006 ’
361 3024 551 3081 quove
583 3005 793 3063 eadem
821 3025 1046 3063 rursum
1076 3016 1278 3063 natura
1306 3016 1611 3080 perempta
1637 3007 1901 3079 resolvat,

359 3116 509 3171 quae
541 3115 648 3154 nos
678 3097 975 3153 materiem
1007 3105 1066 3153 et
1092 3097 1361 3171 genitalia
1389 3115 1637 3171 corpora
1662 3097 1834 3154 rebus

359 3186 669 3245 reddunda
696 3187 756 3243 in
784 3187 1006 3244 ratione
1037 3206 1246 3250 vocare
1277 3196 1334 3243 et
1362 3188 1585 3244 semina
1613 3205 1804 3244 rerum

358 3278 648 3352 appellare
678 3278 914 3336 suemus
943 3286 1001 3334 et
1029 3278 1176 3334 haec
1205 3278 1416 3334 eadem
1445 3295 1719 3352 usurpare
2105 3287 2169 3335 60

358 3386 606 3442 corpora
646 3369 848 3442 prima,
870 3367 1043 3442 ‘quod
1072 3387 1144 3425 ex
1172 3367 1278 3425 illis
1307 3377 1442 3426 sunt
1471 3369 1669 3426 omnia
1695 3369 1910 3443 primis.

441 3460 722 3516 Humana
749 3468 883 3516 ante
915 3459 1115 3517 oculos
1145 3459 1318 3516 foede
1349 3478 1485 3516 cum
1514 3460 1629 3517 vita
1656 3461 1872 3518 iaceret

359 3549 420 3607 in
447 3551 608 3608 terris
637 3568 917 3625 oppressa
943 3551 1100 3626 gravi
1127 3550 1234 3607 sub
1263 3551 1538 3626 religione
