2784 3992
504 306 633 377 }V·]
984 307 1094 360 DE
1150 308 1442 361 RERUM
1499 308 1846 363 NATURA
2196 312 2316 375 129

498 470 662 528 multi
690 469 767 528 de
796 470 1019 546 magnis
1047 490 1153 547 per
1178 489 1452 529 somnum
1481 471 1644 530 rebu’
1673 471 1992 549 loquuntur

498 559 838 636 indicioque
867 562 953 620 sui
982 562 1121 619 facti
1147 580 1430 637 persaepe
1459 562 1638 621 fuere.

497 651 663 709 multi
690 662 941 711 mortem
969 654 1207 711 obeunt.
1238 653 1424 723 multi,
1455 653 1533 711 de
1563 655 1859 714 montibus
1891 656 2021 714 altis
2189 678 2314 714 1020

496 750 560 799 ut
589 742 689 816 qui
716 743 1104 817 praecipitent
1131 743 1209 801 ad
1238 753 1450 803 terram
1478 762 1726 819 corpore
1754 754 1900 816 tot0,

498 841 872 891 externantur
899 843 959 891 et
988 852 1061 891 ex
1088 852 1298 893 somno
1327 836 1495 909 quasi
1524 834 1801 893 mentibu’
1833 837 1989 910 capti

495 924 591 981 vix
618 923 696 981 ad
724 942 789 981 se
817 922 1066 981 redeunt
1093 926 1346 999 permoti
1375 926 1636 1000 corporis
1666 935 1849 984 aestu.

494 1013 714 1071 flumen
743 1014 883 1071 item
912 1014 1111 1073 sitiens
1142 1025 1241 1072 aut
1268 1016 1493 1073 fontem
1522 1025 1761 1090 propter
1789 1034 2107 1074 amoenum

434 1116 469 1175 J
494 1103 724 1162 adsidet
753 1114 812 1162 et
839 1114 1028 1163 totum
1057 1123 1243 1180 prope
1273 1106 1536 1164 faucibus
1565 1115 1820 1180 occupat
1847 1124 2101 1165 amnem.
2188 1126 2311 1180 1025

495 1195 624 1269 puri
652 1212 832 1270 saepe
860 1194 1053 1253 lacum
1082 1205 1320 1271 propter
1346 1196 1393 1255 si
1423 1214 1492 1253 ac
1522 1195 1682 1254 dolia
1709 1206 1872 1255 curta

495 1297 706 1343 somno
742 1284 1000 1343 devincti
1028 1284 1277 1343 credunt
1304 1304 1366 1344 se
1398 1286 1672 1344 extollere
1700 1295 1942 1358 vestem,

494 1375 669 1433 totius
696 1394 966 1434 umorem
995 1385 1292 1434 saccatum
1321 1378 1573 1452 corpori'
1604 1376 1874 1450 fundunt,
1915 1419 1935 1457 5

491 1483 629 1524 cum
658 1466 1017 1541 Babylonica
1044 1467 1358 1541 magnifico
1386 1466 1700 1542 splendore
1728 1468 2001 1551 rigantur.

492 1565 617 1613 tum
646 1556 862 1631 quibus
890 1558 1095 1616 aetatis
1123 1558 1267 1615 freta
1294 1558 1560 1632 primitus
1589 1558 1914 1617 insinuatur
2185 1578 2312 1631 1030

491 1665 714 1718 semen,
745 1648 846 1705 ubi
874 1647 1002 1722 ipsa
1028 1648 1154 1707 dies
1183 1649 1462 1707 membris
1489 1658 1714 1706 matura
1741 1649 1977 1721 creavit,

491 1738 853 1795 conveniunt
881 1738 1188 1797 simulacra
1215 1740 1350 1797 foris
1380 1757 1414 1796 e
1443 1757 1690 1814 corpore
1719 1758 1960 1814 quoque

491 1830 694 1886 nuntia
722 1829 1004 1904 praeclari
1031 1830 1219 1887 voltus
1248 1829 1592 1905 pulchrique
1623 1831 1852 1902 coloris,

490 1920 592 1995 qui
620 1920 738 1977 ciet
763 1919 1001 1977 inritans
1029 1920 1162 1977 loca
1189 1920 1418 1996 turgida
1445 1921 1666 1979 semine
1698 1920 1900 1993 mult0,

490 2020 555 2068 ut
583 2011 749 2085 quasi
777 2012 1079 2069 transactis
1108 2029 1285 2086 saepe
1309 2012 1570 2070 omnibu’
1599 2012 1762 2070 rebu’
1792 2010 2151 2087 profundant
2185 2031 2274 2083 103
2279 2029 2306 2084 5

493 2101 745 2160 fluminis
775 2102 1027 2176 ingentis
1058 2101 1266 2159 fluctus
1293 2111 1635 2176 vestemque
1665 2111 1990 2160 cruentent.

571 2192 922 2251 Sollicitatur
949 2192 1013 2249 id
1042 2192 1103 2249 in
1132 2192 1322 2263 nobiS,
1354 2190 1518 2266 quod
1547 2191 1799 2250 diximus
1826 2201 1962 2249 ante

490 2302 715 2355 semen,
746 2282 945 2341 adulta
970 2292 1129 2340 aetas
1159 2301 1293 2339 cum
1322 2283 1576 2357 primum
1603 2282 1839 2341 roborat
1866 2292 2037 2341 artus,

488 2392 749 2450 namque
778 2374 916 2431 alias
945 2372 1102 2431 aliud
1130 2391 1222 2431 res
1252 2382 1588 2431 commovet
1615 2383 1790 2447 atque
1820 2373 2050 2433 lacessit
2072 2393 2089 2446 3

490 2482 565 2523 ex
593 2464 835 2522 homine
866 2465 1188 2522 humanum
1216 2481 1421 2521 semen
1450 2464 1565 2521 ciet
1592 2482 1710 2521 una
1736 2463 1988 2521 hominis
2015 2464 2120 2522 vis.
2185 2485 2311 2546 ¹940

488 2555 654 2631 quod
682 2555 855 2614 simul
882 2565 1058 2631 atque
1088 2555 1205 2614 suis
1234 2554 1488 2613 eiectum
1516 2554 1754 2613 sedibus
1781 2554 1919 2626 exit,
2195 2548 2199 2552 ’

486 2663 596 2721 per
620 2646 889 2705 membra
914 2657 1093 2721 atque
1120 2655 1275 2705 artus
1303 2644 1542 2704 decedit
1569 2662 1814 2720 corpore
1842 2653 1970 2703 toto

487 2737 551 2795 in
575 2736 710 2794 loca
736 2738 1095 2795 conveniens
1122 2755 1434 2795 nervorum
1461 2745 1621 2793 certa
1648 2736 1882 2810 cietque

487 2828 775 2885 continuo
803 2828 979 2901 partis
1008 2829 1272 2904 genitalis
1303 2828 1562 2903 corporis
1591 2826 1763 2901 ipsas.

487 2918 720 2975 inritata
745 2928 974 2976 tument
1002 2918 1135 2976 loca
1162 2920 1385 2976 semine
1416 2919 1597 2994 fitque
1626 2917 1892 2975 voluntas
2183 2934 2306 2987 1045

489 3008 683 3065 eicere
710 3007 774 3066 id
805 3026 923 3082 quo
952 3027 1014 3066 se
1045 3009 1353 3067 contendit
1379 3009 1507 3067 dira
1533 3007 1755 3080 lubido,

486 3097 669 3173 idque
697 3099 845 3173 petit
874 3117 1104 3173 corpuS,
1136 3117 1303 3157 mens
1332 3099 1493 3158 unde
1522 3108 1611 3157 est
1639 3097 1836 3157 saucia
1861 3115 2081 3156 amore.

488 3206 749 3264 namque
779 3207 985 3247 omnes
1014 3190 1358 3264 plerumque
1386 3189 1608 3247 cadunt
1635 3190 1695 3246 in
1723 3188 1930 3247 vulnus
1959 3198 2018 3247 et
2045 3187 2202 3245 illam

488 3278 705 3338 emicat
733 3279 793 3336 in
821 3289 1047 3354 partem
1076 3280 1307 3355 sanguis
1336 3279 1495 3338 unde
1525 3280 1733 3337 icimur
1760 3280 1901 3351 ictu,
2184 3291 2308 3346 1050

422 3404 435 3417 ·
489 3378 553 3428 et
581 3369 629 3427 si
658 3370 987 3428 comminus
1016 3378 1121 3441 est,
1152 3370 1381 3429 hostem
1410 3372 1582 3429 ruber
1608 3380 1865 3446 occupat
1892 3388 2076 3427 umorae.

490 3458 580 3519 sic
607 3459 779 3535 igitur
803 3461 1050 3519 Veneris
1079 3460 1181 3535 qui
1207 3461 1335 3519 telis
1362 3461 1577 3537 accipit
1604 3461 1774 3533 ictuS,

490 3550 614 3610 sive
641 3568 788 3626 puer
815 3552 1091 3610 membris
1120 3552 1495 3611 muliebribus
1523 3552 1682 3609 hunc
1711 3550 1989 3609 iaculatur

1383 3665 1426 3731 ,9
