2784 3992
68 3747 202 3887 Ἄ

492 304 571 364 28
1159 313 1624 366 LUcRETIUs
2221 310 2299 384 [1.

488 475 834 549 contingunt
862 474 1044 533 mellis
1066 473 1224 531 dulci
1252 472 1522 547 flavoque
1550 473 1796 547 liquore,

490 576 552 624 ut
580 584 893 642 puerorum
921 575 1079 623 aetas
1108 563 1414 639 inprovida
1441 563 1770 621 ludificetur

489 658 779 716 labrorum
808 666 996 726 tenuS,
1025 656 1247 713 interea
1272 664 1546 730 perpotet
1575 673 1836 712 amarum
2203 675 2305 729 940

489 749 738 807 absinthi
765 748 997 805 laticem
1027 747 1395 822 deceptaque
1426 764 1548 803 non
1577 746 1854 821 capiatur,

490 839 596 897 sed
623 840 817 914 potius
846 839 944 896 tali
972 846 1147 913 pacto
1176 845 1436 894 recreata
1463 836 1732 908 valescat,

490 930 574 987 sic
603 947 740 1004 ergo
769 948 947 999 nunc,
979 927 1258 1003 quoniam
1287 926 1437 984 haec
1465 928 1612 984 ratio
1640 926 1988 1002 plerumque
2017 927 2250 986 videtur

395 1045 400 1050 ·
491 1020 701 1078 tristior
728 1038 852 1078 esse
883 1019 1093 1094 quibus
1120 1036 1243 1075 non
1272 1026 1360 1097 est
1389 1027 1652 1089 tractata„
1677 1027 1950 1093 retroque

490 1112 690 1186 volgus
718 1110 986 1169 abhorret
1012 1109 1088 1167 ab
1117 1108 1245 1181 hac,
1275 1107 1432 1166 volui
1460 1108 1564 1166 tibi
1592 1108 2019 1185 suaviloquenti
2205 1127 2303 1183 945

492 1202 745 1259 carmine
777 1199 965 1258 Pierio
993 1199 1280 1257 rationem
1311 1216 1608 1273 exponere
1636 1207 1898 1259 nostram

493 1302 552 1350 et
579 1292 743 1367 quasi
772 1307 1011 1349 musaeo
1043 1288 1202 1347 dulci
1230 1288 1570 1364 contingere
1598 1289 1790 1362 melle,

492 1383 540 1441 si
565 1381 669 1440 tibi
696 1382 840 1439 forte
870 1380 1128 1438 animum
1156 1379 1255 1437 tali
1282 1378 1507 1438 ratione
1535 1388 1738 1438 tenere

490 1473 745 1531 versibus
773 1472 833 1529 in
861 1471 1071 1529 nostris
1100 1488 1354 1546 possem,
1384 1469 1532 1528 dum
1559 1469 1842 1546 perspicis
1863 1485 2114 1531 ‘omnem

492 1573 753 1621 naturam
778 1581 968 1620 rerum
999 1580 1115 1636 qua
1143 1569 1374 1619 constet
1403 1570 1646 1637 compta
1671 1561 1874 1637 figura.
2204 1582 2306 1638 950

572 1654 687 1713 Sed
715 1654 992 1729 quoniam
1012 1652 1190 1710 docui
1217 1651 1568 1710 solidissima
1593 1652 1858 1710 materiai

491 1764 736 1821 corpora
761 1744 1045 1820 perpetuo
1074 1742 1310 1801 volitare
1338 1741 1556 1801 invicta
1582 1761 1689 1818 per
1716 1762 1949 1817 aevom,
2041 1744 2053 1753 ’

492 1855 648 1895 nunc
678 1854 805 1911 age,
837 1834 1083 1893 summai
1111 1832 1407 1909 quaedam
1435 1834 1508 1892 sit
1533 1834 1666 1892 finis
1695 1852 1901 1893 eorum

490 1945 679 1985 necne
709 1927 798 1998 sit,
831 1925 1162 1984 evolvamus
1182 1945 1201 1997 3
1248 1924 1390 1982 item
1418 1922 1585 2000 quod
1614 1924 1789 1983 inane
1817 1936 2167 2002 repertumst

490 2037 592 2076 seu
621 2017 783 2076 locus
810 2035 880 2074 ac
910 2016 1180 2091 spatium,
1210 2034 1301 2073 res
1326 2015 1390 2073 in
1418 2033 1538 2090 quo
1566 2033 1839 2093 quaeque
1867 2028 2155 2093 gerantur,
2203 2036 2302 2091 955

491 2108 891 2184 pervideamus
918 2116 1110 2164 utrum
1138 2106 1365 2163 finitum
1398 2104 1660 2164 funditus
1688 2125 1868 2167 omne

492 2208 719 2258 constet
744 2218 819 2256 an
846 2199 1197 2255 immensum
1224 2204 1423 2271 pateat
1449 2205 1729 2272 vasteque
1758 2198 2134 2273 profundum.

572 2290 763 2351 Omne
792 2287 954 2364 quod
982 2296 1070 2346 est
1096 2287 1266 2363 igitur
1291 2287 1450 2345 nulla
1475 2288 1715 2363 regione
1742 2290 1965 2348 viarum

490 2381 769 2439 finitumst
788 2400 807 2453 3
849 2397 1101 2453 namque
1131 2389 1458 2437 extremum
1491 2377 1751 2438 debebat
1778 2381 2015 2441 habere.

488 2481 813 2531 extremum
839 2487 1015 2545 porro
1042 2469 1251 2528 nullius
1280 2488 1456 2546 posse
1485 2469 1719 2530 videtur
2151 2460 2162 2473 ’
2199 2478 2303 2547 960

491 2581 634 2635 esse,
663 2561 773 2619 nisi
801 2561 946 2619 ultra
972 2560 1046 2618 sit
1075 2558 1239 2635 quod
1266 2560 1432 2620 finiat
1452 2582 1470 2635 3
1515 2570 1581 2620 ut
1608 2561 1876 2621 videatur

489 2671 609 2728 quo
637 2671 759 2710 non
788 2650 1015 2727 longius
1045 2651 1192 2709 haec
1220 2670 1426 2711 sensus
1454 2662 1660 2711 natura
1687 2663 1979 2728 sequatur.

489 2762 648 2802 nunc
678 2752 837 2800 extra
864 2761 1153 2801 summam
1182 2744 1462 2817 quoniam
1491 2744 1572 2800 nil
1601 2762 1728 2801 esse
1758 2743 2076 2816 fatendum,

490 2853 609 2892 non
640 2834 815 2891 habet
841 2842 1186 2907 extremum,
1217 2844 1377 2891 caret
1408 2852 1547 2908 ergo
1576 2834 1692 2890 fine
1725 2834 2042 2909 modoque.

490 2943 600 2982 nec
629 2925 799 2981 refert
828 2925 1037 2998 quibus
1067 2925 1311 2983 adsistas
1337 2924 1672 2999 regionibus
1701 2925 1824 2982 eius
1845 2946 1863 2997 3
2203 2933 2302 2999 965

490 3032 674 3090 usque
705 3014 874 3086 adeo,
905 3033 1083 3089 quem
1115 3017 1359 3090 quisque
1389 3014 1587 3071 locum
1615 3014 1896 3089 possedit,
1926 3016 1989 3074 in
2015 3016 2209 3076 omnis

489 3104 832 3164 tantundem
862 3107 1037 3181 partis
1066 3106 1354 3163 infinitum
1383 3124 1560 3163 omne
1589 3106 1879 3182 relinquit.

488 3206 787 3272 praeterea
816 3197 861 3253 si
890 3197 1007 3253 iam
1037 3197 1263 3254 finitum
1294 3197 1678 3254 constituatur

490 3285 665 3346 omne
696 3286 859 3361 quod
890 3296 976 3343 est
1004 3286 1272 3360 spatium,
1303 3287 1482 3361 siquis
1510 3298 1812 3361 procurrat
1839 3288 1918 3347 ad
1945 3308 2075 3348 oras

490 3376 723 3434 ultimus
753 3385 1038 3434 extremas
1066 3376 1353 3451 iaciatque
1382 3376 1612 3435 volatile
1642 3378 1841 3448 telum,
2201 3400 2306 3453 9⁷0

490 3466 554 3525 id
580 3465 784 3525 validis
812 3474 1004 3523 utrum
1032 3473 1364 3523 contortum
1391 3466 1606 3524 viribus
1634 3467 1716 3525 ire

494 3575 614 3631 quo
641 3556 811 3614 fuerit
836 3554 1078 3613 missum
1107 3556 1287 3613 mavis
1316 3557 1611 3631 longeque
1641 3557 1858 3629 volare,
