2784 3992
998 827 1067 888 Τ.
1113 827 1495 907 LUCRETJ
1551 829 1760 892 CARI

766 1030 923 1107 DE
1007 1032 1423 1109 RERUM
1503 1033 1996 1110 NATURA

1048 1254 1290 1308 LIBER
1341 1256 1728 1325 QUINTUS.

1299 1414 1500 1449 —0--.

472 1546 618 1621 Quis
647 1546 803 1621 potis
833 1556 921 1604 est
949 1544 1193 1621 dignum
1222 1547 1466 1622 pollenti
1493 1559 1734 1623 pectore
1765 1569 2000 1609 carmen

470 1638 730 1697 condere
759 1655 867 1713 pro
896 1656 1090 1695 rerum
1120 1639 1422 1696 maiestate
1453 1639 1659 1714 hisque
1688 1642 1969 1715 repertis?

470 1730 672 1804 quisve
702 1728 854 1785 valet
881 1730 1069 1787 verbis
1100 1739 1323 1787 tantum
1354 1730 1455 1805 qui
1485 1731 1703 1805 fingere
1735 1731 1937 1789 laudes

471 1838 577 1895 pro
607 1819 825 1876 meritis
855 1819 978 1876 eius
1008 1820 1190 1893 possit
1219 1820 1321 1894 qui
1351 1821 1486 1878 talia
1514 1821 1682 1878 nobis

470 1920 710 1985 pectore
740 1919 906 1984 parta
934 1928 1041 1967 suo
1071 1912 1449 1985 quaesitaque
1479 1911 1738 1986 praemia
1765 1912 1972 1986 liquit?

470 2019 668 2073 nem0,
699 2010 764 2057 ut
792 2001 1021 2075 opinor,
1053 2001 1156 2057 erit
1185 2002 1412 2058 mortali
1443 2019 1688 2075 corpore
1719 2012 1928 2062 cretuS.

473 2111 607 2149 nam
636 2092 703 2163 si,
734 2102 798 2149 ut
827 2092 953 2166 ipsa
979 2092 1125 2166 petit
1153 2093 1423 2149 maiestas
1453 2092 1690 2167 cognita
1718 2112 1926 2165 rerum,

474 2181 794 2240 dicendum
825 2192 929 2252 est,
961 2180 1107 2239 deus
1136 2183 1228 2239 ille
1259 2182 1381 2251 fuit,
1414 2182 1580 2254 deus,
1613 2183 1824 2259 inclyte
1855 2186 2120 2256 Memmi,

474 2274 569 2348 qui
600 2274 875 2349 princeps
904 2274 1052 2330 vitae
1082 2274 1365 2331 rationem
1398 2274 1620 2331 invenit
1650 2292 1780 2331 eam
1811 2291 1961 2347 quae

474 2382 629 2422 nunc
658 2364 980 2439 appellatur
1007 2364 1307 2439 sapientia,
1339 2365 1556 2441 quique
1586 2382 1694 2439 per
1719 2374 1902 2422 artem

475 2454 745 2513 fluctibus
774 2473 806 2511 e
835 2455 1007 2511 tantis
1037 2456 1212 2512 vitam
1244 2455 1536 2529 tantisque
1568 2455 1822 2513 tenebris

475 2546 530 2603 in
561 2558 684 2603 tam
712 2546 1019 2619 tranquillo
1050 2553 1107 2602 et
1135 2555 1254 2603 tam
1286 2546 1438 2602 clara
1466 2546 1596 2603 luce
1626 2544 1858 2604 locavit.

475 2637 679 2693 confer
706 2636 863 2692 enim
893 2634 1088 2692 divina
1116 2636 1358 2693 aliorum
1390 2636 1628 2710 antiqua
1656 2645 1900 2711 reperta.

474 2744 729 2801 namque
760 2726 940 2784 Ceres
968 2726 1143 2783 fertur
1170 2727 1360 2801 fruges
1393 2728 1681 2800 Liberque
1712 2727 1948 2800 liquoris

474 2816 709 2892 vitigeni
737 2815 969 2873 laticem
1000 2817 1334 2875 mortalibus
1363 2817 1676 2875 instituisse
1698 2838 1715 2889 ;

476 2926 608 2965 cum
638 2918 836 2965 tamen
865 2907 955 2965 his
984 2917 1183 2983 posset
1212 2908 1336 2965 sine
1366 2908 1538 2965 rebus
1569 2909 1684 2965 vita
1713 2926 1967 2980 manere,

476 3008 536 3055 ut
562 2999 719 3056 fama
746 3007 833 3056 est
862 2998 1082 3072 aliquas
1114 2999 1287 3056 etiam
1318 3017 1476 3055 nunc
1507 2998 1698 3055 vivere
1735 2998 1940 3072 gentis,

475 3099 531 3147 at
559 3089 715 3147 bene
744 3106 864 3146 non
892 3098 1120 3163 poterat
1148 3089 1270 3146 sine
1301 3106 1448 3163 puro
1479 3098 1718 3163 pectore
1749 3089 1860 3146 vivi
1881 3110 1898 3162 3

476 3197 594 3254 quo
624 3179 807 3253 magis
835 3179 929 3235 hic
959 3179 1166 3236 merito
1193 3180 1361 3237 nobis
1392 3179 1538 3237 deus
1568 3198 1693 3237 esse
1723 3180 1966 3253 videtur,

476 3288 546 3327 ex
576 3288 699 3344 quo
728 3288 886 3327 nunc
915 3270 1088 3327 etiam
1119 3287 1223 3344 per
1251 3289 1490 3344 magnas
1521 3270 1708 3328 didita
1735 3272 1926 3346 gentis

476 3360 670 3418 dulcia
696 3360 1058 3434 ‘permulcent
1084 3361 1311 3418 animos
1340 3363 1556 3418 solacia
1585 3362 1752 3419 vitae.

480 3450 754 3509 Herculis
782 3451 1051 3509 antistare
1082 3462 1277 3508 autem
1308 3452 1352 3508 si
1383 3452 1538 3509 facta
1566 3453 1816 3527 putabiS‚

478 3540 704 3617 longius
732 3559 769 3598 a
794 3559 929 3598 vera
956 3542 1141 3599 multo
1169 3542 1391 3598 ratione
1422 3542 1623 3598 ferere.

2229 2387 2288 2423 10
