2784 3992
472 304 559 366 86
1151 318 1615 373 LUCRETIUS
2113 318 2283 389 ‚[111.

466 486 640 553 atque
673 477 752 536 ita
778 477 1140 538 multimodis
1168 478 1391 553 partitis
1422 478 1660 537 artubus
1691 495 1839 549 esse,
2185 486 2286 536 620

467 568 863 627 membrorum
892 578 956 626 ut
983 586 1306 643 numquam
1334 569 1542 627 existat
1568 578 1976 644 praeposterus
2001 569 2151 629 ordo
2165 572 2194 628 ?

466 678 649 734 usque
680 657 834 717 adeo
864 660 1124 734 sequitur
1150 678 1242 717 res
1269 677 1394 718 rem
1424 677 1619 734 neque
1649 659 1886 717 flamma
1914 662 2096 719 creari

466 729 794 808 fluminib⁰us
825 750 1045 807 solitast
1074 768 1267 825 neque
1298 750 1359 808 in
1387 750 1507 825 igni
1534 750 1758 825 gignier
1787 750 1962 825 algor.

546 844 850 899 Praeterea
878 842 923 897 εἰ
956 840 1273 899 inmortalis
1303 850 1509 898 natura
1536 841 1806 899 animaist

464 908 762 990 et⁸sentire
791 940 985 1006 potest
1016 941 1242 989 secreta
1269 949 1305 988 a
1333 949 1581 1006 corpore
1612 940 1830 1003 nostro,
2183 938 2280 1002 625

464 1024 737 1098 quinque,
759 1033 825 1081 ut
845 1023 1072 1099 opinor,
1099 1040 1231 1079 eam
1251 1020 1592 1080 faciundum
1615 1032 1704 1080 est
1720 1022 1986 1080 sensibus
2007 1032 2237 1080 auctam
2261 1043 2280 1095 3

462 1132 577 1171 nec
604 1114 827 1172 ratione
856 1114 966 1171 alia
994 1122 1227 1171 nosmet
1257 1130 1588 1188 proponere
1619 1114 1790 1171 nobis

464 1222 772 1279 possumus
802 1205 1054 1262 infernas
1084 1205 1306 1263 animas
1336 1203 1673 1261 Acherunte
1703 1204 1912 1278 vagari.

464 1296 717 1370 pictores
745 1296 940 1370 itaque
971 1304 1030 1353 et
1058 1296 1408 1370 scriptorum
1437 1295 1631 1353 saecla
1657 1294 1850 1369 priora

464 1386 546 1443 sic
576 1387 805 1444 animas'
826 1387 977 1443 intro
1006 1385 1299 1445 duxerunt
1328 1386 1594 1444 sensibus
1623 1394 1839 1443 auctas.
2181 1390 2283 1454 630

462 1486 522 1534 at
549 1494 743 1551 neque
772 1495 995 1535 sorsum
1024 1478 1180 1535 oculi
1209 1494 1405 1551 neque
1434 1494 1602 1533 nares
1631 1493 1742 1532 nec
1773 1493 1979 1533 manus
2006 1475 2134 1549 ipsa

464 1584 590 1625 esse
620 1576 814 1642 potest
840 1568 1071 1625 animae
1101 1585 1295 1642 neque
1326 1564 1552 1626 sorsum
1582 1566 1795 1641 lingua,
1829 1583 2022 1640 neque
2051 1582 2224 1623 aures

463 1656 662 1715 auditu
691 1676 797 1733 per
824 1676 887 1716 se
917 1668 1161 1733 possunt
1190 1658 1405 1717 sentire
1434 1674 1629 1731 neque
1661 1674 1806 1713 esse.

545 1748 622 1804 Et
650 1749 928 1822 quoniam
955 1757 1083 1807 toto
1112 1748 1390 1806 sentimus
1422 1764 1668 1822 corpore
1698 1747 1888 1804 inesse

460 1838 693 1895 vitalem
722 1856 955 1896 sensum
983 1848 1043 1897 et
1070 1848 1261 1897 toturn
1290 1857 1418 1897 esse
1448 1837 1694 1895 animale
1726 1836 2010 1907 videmus,
2179 1841 2277 1907 635

461 1931 507 1989 si
536 1932 727 1989 subito
757 1931 1017 1990 medium
1048 1932 1221 1989 celeri
1248 1931 1600 2007 praeciderit
1628 1931 1745 1988 ictu

459 2024 543 2081 vis
571 2024 765 2099 aliqua
790 2034 854 2081 ut
882 2043 1107 2082 sorsum
1136 2035 1360 2100 partem
1390 2034 1656 2082 secernat
1685 2034 2011 2097 utramque,

460 2112 760 2189 dispertita
787 2116 990 2190 procul
1019 2114 1199 2173 dubio
1229 2133 1469 2190 quoque
1497 2116 1582 2173 vis
1611 2114 1826 2172 animai

460 2214 519 2261 et
547 2204 785 2262 discissa
814 2206 983 2263 simul
1010 2223 1154 2265 curn
1174 2224 1422 2280 corpore
1453 2205 1796 2264 dissicietur.

459 2304 519 2352 at
544 2294 708 2370 quod
736 2295 1016 2354 scinditur
1044 2306 1101 2354 et
1130 2297 1306 2371 partis
1336 2295 1588 2354 discedit
1614 2296 1675 2354 in
1703 2296 1865 2367 ulla5,
2177 2302 2279 2365 640

459 2386 681 2443 scilicet
708 2396 1005 2444 aeternam
1034 2386 1142 2444 sibi
1173 2396 1439 2444 naturam
1467 2387 1669 2445 abnuit
1698 2404 1844 2445 esse.

459 2476 742 2534 falciferos
773 2487 1100 2534 memorant
1128 2495 1325 2535 currus
1355 2476 1660 2535 abscidere
1692 2478 1956 2535 membra

459 2584 633 2641 saepe
663 2567 741 2624 ita
769 2566 845 2625 de
874 2568 1066 2626 subito
1096 2568 1382 2642 permixta
1410 2566 1596 2626 caede
1627 2568 1886 2639 calentis,

458 2667 521 2714 ut
549 2665 795 2715 tremere
826 2659 887 2715 in
915 2667 1065 2716 terra
1090 2657 1355 2716 videatur
1380 2658 1457 2716 ab
1487 2659 1724 2716 artubus
1753 2657 1816 2716 id
1847 2656 2012 2733 quod
2045 2650 2052 2656 ⁸

459 2746 682 2805 decidit
698 2749 1005 2819 abscisum,
1030 2767 1167 2805 cum
1189 2766 1356 2807 mens
1379 2757 1579 2806 tamen
1601 2758 1776 2824 atque
1795 2749 2050 2807 hominis
2071 2749 2157 2807 vis
2177 2756 2276 2821 645

458 2838 775 2896 mobilitate
806 2840 940 2896 mali
970 2857 1091 2897 non
1120 2839 1246 2913 quit
1274 2839 1488 2897 sentire
1519 2838 1785 2897 dolorem
1807 2860 1824 2912 ;

456 2938 517 2987 et
544 2930 725 2987 semel
753 2930 812 2986 in
841 2947 1071 3004 pugnae
1100 2928 1295 2987 studio
1323 2928 1488 3004 quod
1518 2929 1719 2988 dedita
1745 2948 1913 2989 mens
1941 2938 2048 3002 est,

457 3037 702 3094 corpore
730 3020 954 3094 reliqiio
983 3038 1240 3096 pugnam
1270 3020 1604 3096 caedesque
1633 3021 1892 3096 petessit‚

455 3128 569 3168 nec
597 3120 759 3168 tenet
786 3111 1059 3168 amissam
1089 3111 1312 3169 laevam
1342 3130 1482 3168 cum
1512 3112 1769 3187 tegmine
1800 3130 1978 3187 saepe

456 3201 605 3259 inter
632 3218 817 3275 equos
844 3202 1106 3259 abstraxe
1135 3212 1290 3259 rotas
1318 3202 1613 3276 falcesque
1642 3220 1903 3277 rapaces,
2177 3209 2283 3275 650

456 3310 569 3349 nec
599 3291 881 3350 cecidisse
910 3292 1053 3350 alius
1081 3291 1363 3364 dextram,
1394 3311 1531 3350 cum
1561 3292 1792 3352 scandit
1819 3302 1879 3351 et
1907 3294 2096 3351 instat.

456 3382 595 3440 inde
626 3382 769 3441 alius
798 3393 1043 3441 conatur
1072 3382 1354 3459 adempto
1384 3401 1616 3458 surgere
1640 3402 1826 3456 crure,

455 3492 594 3531 cum
623 3472 835 3548 digitos
864 3474 1041 3549 agitat
1068 3485 1310 3549 propter
1337 3474 1723 3559 moribundus
1750 3475 1914 3533 humi
1943 3492 2068 3550 pes·

457 3574 517 3621 et
545 3575 722 3639 caput
749 3565 1039 3623 abscisum
1069 3566 1261 3623 calido
1292 3567 1638 3641 viventeque
1667 3576 1875 3624 trunco
