<?xml version="1.0" encoding="UTF-8"?>
<!DOCTYPE html PUBLIC "-//W3C//DTD XHTML 1.0 Transitional//EN"
    "http://www.w3.org/TR/xhtml1/DTD/xhtml1-transitional.dtd">
<html xmlns="http://www.w3.org/1999/xhtml" xml:lang="en" lang="en">
 <head>
  <title>
</title>
<meta http-equiv="Content-Type" content="text/html;charset=utf-8" />
  <meta name='ocr-system' content='tesseract 3.04.00' />
  <meta name='ocr-capabilities' content='ocr_page ocr_carea ocr_par ocr_line ocrx_word'/>
</head>
<body>
  <div class='ocr_page' id='page_1' title='image "./tlucreticarider06unkngoog_0231.png"; bbox 0 0 2784 3992; ppageno 0'>
   <div class='ocr_carea' id='block_1_1' title="bbox 468 306 2288 387">
    <p class='ocr_par' dir='ltr' id='par_1_1' title="bbox 468 306 2288 387">
     <span class='ocr_line' id='line_1_1' title="bbox 468 306 2288 387; baseline -0.001 -21"><span class='ocrx_word' id='word_1_1' title='bbox 468 312 571 383; x_wconf 86' lang='lat' dir='ltr'><strong>V.]</strong></span> <span class='ocrx_word' id='word_1_2' title='bbox 960 314 1069 367; x_wconf 91' lang='lat' dir='ltr'><strong>DE</strong></span> <span class='ocrx_word' id='word_1_3' title='bbox 1120 314 1412 368; x_wconf 90' lang='lat' dir='ltr'><strong>RERUM</strong></span> <span class='ocrx_word' id='word_1_4' title='bbox 1466 314 1810 369; x_wconf 90' lang='lat' dir='ltr'>NATURA</span> <span class='ocrx_word' id='word_1_5' title='bbox 2167 306 2288 387; x_wconf 90' lang='lat'><strong>169</strong></span> 
     </span>
    </p>
   </div>
   <div class='ocr_carea' id='block_1_2' title="bbox 360 474 2284 3631">
    <p class='ocr_par' dir='ltr' id='par_1_2' title="bbox 470 474 1786 552">
     <span class='ocr_line' id='line_1_2' title="bbox 470 474 1786 552; baseline 0.002 -20"><span class='ocrx_word' id='word_1_6' title='bbox 470 474 823 549; x_wconf 87' lang='lat' dir='ltr'><strong>praesidium</strong></span> <span class='ocrx_word' id='word_1_7' title='bbox 851 492 1017 550; x_wconf 89' lang='lat' dir='ltr'><strong>reges</strong></span> <span class='ocrx_word' id='word_1_8' title='bbox 1045 476 1155 550; x_wconf 90' lang='lat' dir='ltr'><strong>ipsi</strong></span> <span class='ocrx_word' id='word_1_9' title='bbox 1182 475 1292 533; x_wconf 90' lang='lat' dir='ltr'><strong>sibi</strong></span> <span class='ocrx_word' id='word_1_10' title='bbox 1319 475 1786 552; x_wconf 86' lang='lat' dir='ltr'>perfugiumque,</span> 
     </span>
    </p>

    <p class='ocr_par' dir='ltr' id='par_1_3' title="bbox 468 566 2284 642">
     <span class='ocr_line' id='line_1_3' title="bbox 468 566 2284 642; baseline 0.003 -20"><span class='ocrx_word' id='word_1_11' title='bbox 468 575 527 623; x_wconf 94' lang='lat' dir='ltr'><strong>et</strong></span> <span class='ocrx_word' id='word_1_12' title='bbox 553 584 737 641; x_wconf 92' lang='lat' dir='ltr'><strong>pecus</strong></span> <span class='ocrx_word' id='word_1_13' title='bbox 766 575 941 641; x_wconf 87' lang='lat' dir='ltr'><strong>atque</strong></span> <span class='ocrx_word' id='word_1_14' title='bbox 972 584 1138 641; x_wconf 89' lang='lat' dir='ltr'><strong>agros</strong></span> <span class='ocrx_word' id='word_1_15' title='bbox 1167 566 1416 624; x_wconf 86' lang='lat' dir='ltr'><strong>divisere</strong></span> <span class='ocrx_word' id='word_1_16' title='bbox 1443 577 1620 642; x_wconf 89' lang='lat' dir='ltr'><strong>atque</strong></span> <span class='ocrx_word' id='word_1_17' title='bbox 1650 567 1871 625; x_wconf 88' lang='lat' dir='ltr'><strong>dedere</strong></span> <span class='ocrx_word' id='word_1_18' title='bbox 2159 592 2284 627; x_wconf 85' lang='lat'>1110</span> 
     </span>
    </p>

    <p class='ocr_par' dir='ltr' id='par_1_4' title="bbox 467 656 1814 732">
     <span class='ocr_line' id='line_1_4' title="bbox 467 656 1814 732; baseline 0.004 -19"><span class='ocrx_word' id='word_1_19' title='bbox 467 674 573 731; x_wconf 93' lang='lat' dir='ltr'><strong>pro</strong></span> <span class='ocrx_word' id='word_1_20' title='bbox 602 657 748 714; x_wconf 89' lang='lat' dir='ltr'><strong>facie</strong></span> <span class='ocrx_word' id='word_1_21' title='bbox 780 656 1061 730; x_wconf 88' lang='lat' dir='ltr'><strong>cuiusque</strong></span> <span class='ocrx_word' id='word_1_22' title='bbox 1092 666 1149 714; x_wconf 91' lang='lat' dir='ltr'><strong>et</strong></span> <span class='ocrx_word' id='word_1_23' title='bbox 1178 657 1389 715; x_wconf 85' lang='lat' dir='ltr'><strong>viribus</strong></span> <span class='ocrx_word' id='word_1_24' title='bbox 1420 657 1814 732; x_wconf 82' lang='lat' dir='ltr'><strong>ingenioque:</strong></span> 
     </span>
    </p>

    <p class='ocr_par' dir='ltr' id='par_1_5' title="bbox 467 748 1890 823">
     <span class='ocr_line' id='line_1_5' title="bbox 467 748 1890 823; baseline 0.003 -20"><span class='ocrx_word' id='word_1_25' title='bbox 467 765 600 804; x_wconf 90' lang='lat' dir='ltr'><strong>narn</strong></span> <span class='ocrx_word' id='word_1_26' title='bbox 632 748 810 804; x_wconf 89' lang='lat' dir='ltr'><strong>facies</strong></span> <span class='ocrx_word' id='word_1_27' title='bbox 840 748 1082 805; x_wconf 91' lang='lat' dir='ltr'><strong>multum</strong></span> <span class='ocrx_word' id='word_1_28' title='bbox 1112 748 1287 805; x_wconf 88' lang='lat' dir='ltr'><strong>valuit</strong></span> <span class='ocrx_word' id='word_1_29' title='bbox 1316 749 1581 822; x_wconf 89' lang='lat' dir='ltr'><strong>viresque</strong></span> <span class='ocrx_word' id='word_1_30' title='bbox 1611 750 1890 823; x_wconf 90' lang='lat' dir='ltr'><strong>vigentes.</strong></span> 
     </span>
    </p>

    <p class='ocr_par' dir='ltr' id='par_1_6' title="bbox 465 838 1878 913">
     <span class='ocr_line' id='line_1_6' title="bbox 465 838 1878 913; baseline 0.003 -19"><span class='ocrx_word' id='word_1_31' title='bbox 465 839 750 911; x_wconf 87' lang='lat' dir='ltr'><strong>posterius</strong></span> <span class='ocrx_word' id='word_1_32' title='bbox 778 855 871 895; x_wconf 93' lang='lat' dir='ltr'><strong>res</strong></span> <span class='ocrx_word' id='word_1_33' title='bbox 898 838 1185 895; x_wconf 84' lang='lat' dir='ltr'><strong>inventast</strong></span> <span class='ocrx_word' id='word_1_34' title='bbox 1213 856 1534 913; x_wconf 88' lang='lat' dir='ltr'><strong>aurumque</strong></span> <span class='ocrx_word' id='word_1_35' title='bbox 1565 849 1878 913; x_wconf 90' lang='lat' dir='ltr'><strong>repertum,</strong></span> 
     </span>
    </p>

    <p class='ocr_par' dir='ltr' id='par_1_7' title="bbox 466 928 2156 1005">
     <span class='ocr_line' id='line_1_7' title="bbox 466 928 2156 1005; baseline 0.003 -21"><span class='ocrx_word' id='word_1_36' title='bbox 466 928 627 1002; x_wconf 92' lang='lat' dir='ltr'><strong>quod</strong></span> <span class='ocrx_word' id='word_1_37' title='bbox 656 928 823 985; x_wconf 89' lang='lat' dir='ltr'><strong>facile</strong></span> <span class='ocrx_word' id='word_1_38' title='bbox 853 937 912 986; x_wconf 89' lang='lat' dir='ltr'><strong>et</strong></span> <span class='ocrx_word' id='word_1_39' title='bbox 939 928 1139 986; x_wconf 87' lang='lat' dir='ltr'><strong>validis</strong></span> <span class='ocrx_word' id='word_1_40' title='bbox 1169 938 1228 986; x_wconf 91' lang='lat' dir='ltr'><strong>et</strong></span> <span class='ocrx_word' id='word_1_41' title='bbox 1255 929 1513 1004; x_wconf 89' lang='lat' dir='ltr'><strong>pulchris</strong></span> <span class='ocrx_word' id='word_1_42' title='bbox 1542 929 1797 1005; x_wconf 88' lang='lat' dir='ltr'><strong>dempsit</strong></span> <span class='ocrx_word' id='word_1_43' title='bbox 1827 930 2115 989; x_wconf 87' lang='lat' dir='ltr'><strong>honorem</strong></span> <span class='ocrx_word' id='word_1_44' title='bbox 2136 950 2156 1004; x_wconf 92' lang='lat'>;</span> 
     </span>
    </p>

    <p class='ocr_par' dir='ltr' id='par_1_8' title="bbox 465 1017 2278 1095">
     <span class='ocr_line' id='line_1_8' title="bbox 465 1017 2278 1095; baseline 0.002 -20"><span class='ocrx_word' id='word_1_45' title='bbox 465 1017 743 1077; x_wconf 87' lang='lat' dir='ltr'><strong>divitioris</strong></span> <span class='ocrx_word' id='word_1_46' title='bbox 770 1019 928 1075; x_wconf 90' lang='lat' dir='ltr'><strong>enim</strong></span> <span class='ocrx_word' id='word_1_47' title='bbox 956 1028 1175 1076; x_wconf 83' lang='lat' dir='ltr'><strong>sectam</strong></span> <span class='ocrx_word' id='word_1_48' title='bbox 1205 1020 1546 1094; x_wconf 89' lang='lat' dir='ltr'><strong>plerumque</strong></span> <span class='ocrx_word' id='word_1_49' title='bbox 1577 1030 1854 1077; x_wconf 90' lang='lat' dir='ltr'><strong>secuntur</strong></span> <span class='ocrx_word' id='word_1_50' title='bbox 2154 1042 2278 1095; x_wconf 80' lang='lat'>1115</span> 
     </span>
    </p>

    <p class='ocr_par' dir='ltr' id='par_1_9' title="bbox 464 1108 1924 1186">
     <span class='ocr_line' id='line_1_9' title="bbox 464 1108 1924 1186; baseline 0.002 -20"><span class='ocrx_word' id='word_1_51' title='bbox 464 1110 801 1183; x_wconf 90' lang='lat' dir='ltr'><strong>quamlubet</strong></span> <span class='ocrx_word' id='word_1_52' title='bbox 828 1118 889 1167; x_wconf 93' lang='lat' dir='ltr'><strong>et</strong></span> <span class='ocrx_word' id='word_1_53' title='bbox 917 1108 1093 1168; x_wconf 89' lang='lat' dir='ltr'><strong>fortes</strong></span> <span class='ocrx_word' id='word_1_54' title='bbox 1122 1118 1181 1167; x_wconf 95' lang='lat' dir='ltr'><strong>et</strong></span> <span class='ocrx_word' id='word_1_55' title='bbox 1208 1110 1454 1184; x_wconf 92' lang='lat' dir='ltr'><strong>pulchro</strong></span> <span class='ocrx_word' id='word_1_56' title='bbox 1483 1128 1732 1186; x_wconf 91' lang='lat' dir='ltr'><strong>corpore</strong></span> <span class='ocrx_word' id='word_1_57' title='bbox 1763 1113 1924 1169; x_wconf 90' lang='lat' dir='ltr'><strong>creti.</strong></span> 
     </span>
    </p>

    <p class='ocr_par' dir='ltr' id='par_1_10' title="bbox 463 1199 1780 1276">
     <span class='ocr_line' id='line_1_10' title="bbox 463 1199 1780 1276; baseline 0.002 -20"><span class='ocrx_word' id='word_1_58' title='bbox 463 1200 623 1274; x_wconf 94' lang='lat' dir='ltr'><strong>quod</strong></span> <span class='ocrx_word' id='word_1_59' title='bbox 653 1200 831 1275; x_wconf 90' lang='lat' dir='ltr'><strong>siquis</strong></span> <span class='ocrx_word' id='word_1_60' title='bbox 858 1218 995 1257; x_wconf 86' lang='lat' dir='ltr'><strong>vera</strong></span> <span class='ocrx_word' id='word_1_61' title='bbox 1018 1199 1193 1258; x_wconf 90' lang='lat' dir='ltr'><strong>vitam</strong></span> <span class='ocrx_word' id='word_1_62' title='bbox 1223 1200 1445 1257; x_wconf 88' lang='lat' dir='ltr'><strong>ratione</strong></span> <span class='ocrx_word' id='word_1_63' title='bbox 1473 1202 1780 1276; x_wconf 86' lang='lat' dir='ltr'><strong>gubernet,</strong></span> 
     </span>
    </p>

    <p class='ocr_par' dir='ltr' id='par_1_11' title="bbox 462 1289 1807 1367">
     <span class='ocr_line' id='line_1_11' title="bbox 462 1289 1807 1367; baseline 0.001 -20"><span class='ocrx_word' id='word_1_64' title='bbox 462 1290 691 1347; x_wconf 88' lang='lat' dir='ltr'><strong>divitiae</strong></span> <span class='ocrx_word' id='word_1_65' title='bbox 719 1289 971 1365; x_wconf 84' lang='lat' dir='ltr'><strong>grandes</strong></span> <span class='ocrx_word' id='word_1_66' title='bbox 1001 1290 1222 1348; x_wconf 89' lang='lat' dir='ltr'><strong>homini</strong></span> <span class='ocrx_word' id='word_1_67' title='bbox 1250 1300 1384 1348; x_wconf 90' lang='lat' dir='ltr'><strong>sunt</strong></span> <span class='ocrx_word' id='word_1_68' title='bbox 1412 1290 1602 1349; x_wconf 86' lang='lat' dir='ltr'><strong>vivere</strong></span> <span class='ocrx_word' id='word_1_69' title='bbox 1631 1310 1807 1367; x_wconf 87' lang='lat' dir='ltr'><strong>parce</strong></span> 
     </span>
    </p>

    <p class='ocr_par' dir='ltr' id='par_1_12' title="bbox 460 1381 2249 1458">
     <span class='ocr_line' id='line_1_12' title="bbox 460 1381 2249 1458; baseline 0.001 -20"><span class='ocrx_word' id='word_1_70' title='bbox 460 1399 650 1456; x_wconf 93' lang='lat' dir='ltr'><strong>aequo</strong></span> <span class='ocrx_word' id='word_1_71' title='bbox 678 1381 875 1439; x_wconf 86' lang='lat' dir='ltr'><strong>animo</strong></span> <span class='ocrx_word' id='word_1_72' title='bbox 897 1401 917 1454; x_wconf 76' lang='lat'>5</span> <span class='ocrx_word' id='word_1_73' title='bbox 959 1398 1152 1456; x_wconf 87' lang='lat' dir='ltr'><strong>neque</strong></span> <span class='ocrx_word' id='word_1_74' title='bbox 1183 1382 1337 1437; x_wconf 88' lang='lat' dir='ltr'><strong>enim</strong></span> <span class='ocrx_word' id='word_1_75' title='bbox 1370 1391 1458 1439; x_wconf 89' lang='lat' dir='ltr'><strong>est</strong></span> <span class='ocrx_word' id='word_1_76' title='bbox 1486 1401 1768 1457; x_wconf 87' lang='lat' dir='ltr'><strong>umquam</strong></span> <span class='ocrx_word' id='word_1_77' title='bbox 1795 1383 2042 1458; x_wconf 84' lang='lat' dir='ltr'><strong>penuria</strong></span> <span class='ocrx_word' id='word_1_78' title='bbox 2070 1384 2249 1457; x_wconf 89' lang='lat' dir='ltr'><strong>parvi.</strong></span> 
     </span>
    </p>

    <p class='ocr_par' dir='ltr' id='par_1_13' title="bbox 458 1472 2274 1548">
     <span class='ocr_line' id='line_1_13' title="bbox 458 1472 2274 1548; baseline 0 -18"><span class='ocrx_word' id='word_1_79' title='bbox 458 1482 516 1531; x_wconf 83' lang='lat' dir='ltr'><strong>at</strong></span> <span class='ocrx_word' id='word_1_80' title='bbox 542 1473 728 1530; x_wconf 89' lang='lat' dir='ltr'><strong>claros</strong></span> <span class='ocrx_word' id='word_1_81' title='bbox 758 1472 1027 1530; x_wconf 90' lang='lat' dir='ltr'><strong>homines</strong></span> <span class='ocrx_word' id='word_1_82' title='bbox 1053 1472 1360 1530; x_wconf 89' lang='lat' dir='ltr'><strong>voluerunt</strong></span> <span class='ocrx_word' id='word_1_83' title='bbox 1388 1491 1450 1530; x_wconf 91' lang='lat' dir='ltr'><strong>se</strong></span> <span class='ocrx_word' id='word_1_84' title='bbox 1483 1483 1660 1548; x_wconf 91' lang='lat' dir='ltr'><strong>atque</strong></span> <span class='ocrx_word' id='word_1_85' title='bbox 1688 1483 1980 1548; x_wconf 82' lang='lat' dir='ltr'><strong>potenteS,</strong></span> <span class='ocrx_word' id='word_1_86' title='bbox 2150 1497 2168 1530; x_wconf 92' lang='lat'>1</span> <span class='ocrx_word' id='word_1_87' title='bbox 2183 1496 2274 1531; x_wconf 88' lang='lat'><strong>120</strong></span> 
     </span>
    </p>

    <p class='ocr_par' dir='ltr' id='par_1_14' title="bbox 456 1562 1696 1622">
     <span class='ocr_line' id='line_1_14' title="bbox 456 1562 1696 1622; baseline -0.001 0"><span class='ocrx_word' id='word_1_88' title='bbox 456 1573 519 1622; x_wconf 91' lang='lat' dir='ltr'><strong>ut</strong></span> <span class='ocrx_word' id='word_1_89' title='bbox 548 1562 929 1621; x_wconf 68' lang='lat' dir='ltr'><strong>fiandamento</strong></span> <span class='ocrx_word' id='word_1_90' title='bbox 959 1563 1145 1620; x_wconf 89' lang='lat' dir='ltr'><strong>stabili</strong></span> <span class='ocrx_word' id='word_1_91' title='bbox 1175 1563 1406 1620; x_wconf 87' lang='lat' dir='ltr'><strong>fortuna</strong></span> <span class='ocrx_word' id='word_1_92' title='bbox 1434 1572 1696 1621; x_wconf 89' lang='lat' dir='ltr'><strong>maneret</strong></span> 
     </span>
    </p>

    <p class='ocr_par' dir='ltr' id='par_1_15' title="bbox 455 1652 1856 1729">
     <span class='ocr_line' id='line_1_15' title="bbox 455 1652 1856 1729; baseline 0.001 -18"><span class='ocrx_word' id='word_1_93' title='bbox 455 1664 513 1711; x_wconf 89' lang='lat' dir='ltr'><strong>et</strong></span> <span class='ocrx_word' id='word_1_94' title='bbox 539 1653 831 1729; x_wconf 85' lang='lat' dir='ltr'><strong>placidam</strong></span> <span class='ocrx_word' id='word_1_95' title='bbox 860 1662 1101 1728; x_wconf 87' lang='lat' dir='ltr'><strong>possent</strong></span> <span class='ocrx_word' id='word_1_96' title='bbox 1128 1652 1389 1727; x_wconf 90' lang='lat' dir='ltr'><strong>opulenti</strong></span> <span class='ocrx_word' id='word_1_97' title='bbox 1419 1653 1632 1728; x_wconf 88' lang='lat' dir='ltr'><strong>degere</strong></span> <span class='ocrx_word' id='word_1_98' title='bbox 1660 1655 1856 1727; x_wconf 88' lang='lat' dir='ltr'><strong>vitam,</strong></span> 
     </span>
    </p>

    <p class='ocr_par' dir='ltr' id='par_1_16' title="bbox 452 1742 2228 1819">
     <span class='ocr_line' id='line_1_16' title="bbox 452 1742 2228 1819; baseline 0.001 -18"><span class='ocrx_word' id='word_1_99' title='bbox 452 1746 829 1819; x_wconf 86' lang='lat' dir='ltr'><strong>nequiquam,</strong></span> <span class='ocrx_word' id='word_1_100' title='bbox 861 1744 1139 1817; x_wconf 88' lang='lat' dir='ltr'><strong>quoniam</strong></span> <span class='ocrx_word' id='word_1_101' title='bbox 1167 1742 1243 1801; x_wconf 91' lang='lat' dir='ltr'><strong>ad</strong></span> <span class='ocrx_word' id='word_1_102' title='bbox 1272 1762 1567 1801; x_wconf 89' lang='lat' dir='ltr'><strong>summum</strong></span> <span class='ocrx_word' id='word_1_103' title='bbox 1597 1744 1913 1802; x_wconf 89' lang='lat' dir='ltr'><strong>succedere</strong></span> <span class='ocrx_word' id='word_1_104' title='bbox 1943 1744 2228 1804; x_wconf 90' lang='lat' dir='ltr'><strong>honorem</strong></span> 
     </span>
    </p>

    <p class='ocr_par' dir='ltr' id='par_1_17' title="bbox 452 1834 1563 1906">
     <span class='ocr_line' id='line_1_17' title="bbox 452 1834 1563 1906; baseline 0.001 -16"><span class='ocrx_word' id='word_1_105' title='bbox 452 1844 744 1893; x_wconf 86' lang='lat' dir='ltr'><strong>certantes</strong></span> <span class='ocrx_word' id='word_1_106' title='bbox 774 1835 881 1891; x_wconf 90' lang='lat' dir='ltr'><strong>iter</strong></span> <span class='ocrx_word' id='word_1_107' title='bbox 909 1834 1179 1891; x_wconf 87' lang='lat' dir='ltr'><strong>infestum</strong></span> <span class='ocrx_word' id='word_1_108' title='bbox 1212 1834 1404 1892; x_wconf 89' lang='lat' dir='ltr'><strong>fecere</strong></span> <span class='ocrx_word' id='word_1_109' title='bbox 1432 1835 1563 1906; x_wconf 89' lang='lat' dir='ltr'><strong>viai,</strong></span> 
     </span>
    </p>

    <p class='ocr_par' dir='ltr' id='par_1_18' title="bbox 450 1924 2264 1999">
     <span class='ocr_line' id='line_1_18' title="bbox 450 1924 2264 1999; baseline 0 -16"><span class='ocrx_word' id='word_1_110' title='bbox 450 1935 509 1982; x_wconf 89' lang='lat' dir='ltr'><strong>et</strong></span> <span class='ocrx_word' id='word_1_111' title='bbox 536 1935 739 1983; x_wconf 91' lang='lat' dir='ltr'><strong>tamen</strong></span> <span class='ocrx_word' id='word_1_112' title='bbox 768 1944 799 1983; x_wconf 92' lang='lat' dir='ltr'><strong>e</strong></span> <span class='ocrx_word' id='word_1_113' title='bbox 834 1943 1083 1994; x_wconf 91' lang='lat' dir='ltr'><strong>summ0,</strong></span> <span class='ocrx_word' id='word_1_114' title='bbox 1116 1925 1279 1999; x_wconf 86' lang='lat' dir='ltr'><strong>quasi</strong></span> <span class='ocrx_word' id='word_1_115' title='bbox 1307 1925 1544 1996; x_wconf 86' lang='lat' dir='ltr'><strong>fulmen,</strong></span> <span class='ocrx_word' id='word_1_116' title='bbox 1576 1924 1755 1983; x_wconf 87' lang='lat' dir='ltr'><strong>deicit</strong></span> <span class='ocrx_word' id='word_1_117' title='bbox 1782 1926 1931 1984; x_wconf 90' lang='lat' dir='ltr'><strong>ictos</strong></span> <span class='ocrx_word' id='word_1_118' title='bbox 2141 1946 2264 1999; x_wconf 81' lang='lat'>1125</span> 
     </span>
    </p>

    <p class='ocr_par' dir='ltr' id='par_1_19' title="bbox 448 2014 2009 2089">
     <span class='ocr_line' id='line_1_19' title="bbox 448 2014 2009 2089; baseline 0 -16"><span class='ocrx_word' id='word_1_119' title='bbox 448 2014 668 2074; x_wconf 86' lang='lat' dir='ltr'><strong>invidia</strong></span> <span class='ocrx_word' id='word_1_120' title='bbox 694 2015 988 2074; x_wconf 91' lang='lat' dir='ltr'><strong>interdum</strong></span> <span class='ocrx_word' id='word_1_121' title='bbox 1019 2016 1403 2089; x_wconf 91' lang='lat' dir='ltr'><strong>contemptim</strong></span> <span class='ocrx_word' id='word_1_122' title='bbox 1435 2016 1494 2073; x_wconf 93' lang='lat' dir='ltr'><strong>in</strong></span> <span class='ocrx_word' id='word_1_123' title='bbox 1522 2017 1762 2073; x_wconf 85' lang='lat' dir='ltr'><strong>Tartara</strong></span> <span class='ocrx_word' id='word_1_124' title='bbox 1787 2025 1972 2073; x_wconf 88' lang='lat' dir='ltr'><strong>taetra</strong></span> <span class='ocrx_word' id='word_1_125' title='bbox 1991 2037 2009 2089; x_wconf 91' lang='lat'>;</span> 
     </span>
    </p>

    <p class='ocr_par' dir='ltr' id='par_1_20' title="bbox 448 2105 1996 2181">
     <span class='ocr_line' id='line_1_20' title="bbox 448 2105 1996 2181; baseline 0 -18"><span class='ocrx_word' id='word_1_126' title='bbox 448 2105 667 2165; x_wconf 90' lang='lat' dir='ltr'><strong>invidia</strong></span> <span class='ocrx_word' id='word_1_127' title='bbox 695 2108 994 2181; x_wconf 88' lang='lat' dir='ltr'><strong>quoniam,</strong></span> <span class='ocrx_word' id='word_1_128' title='bbox 1026 2124 1135 2163; x_wconf 91' lang='lat' dir='ltr'><strong>ceu</strong></span> <span class='ocrx_word' id='word_1_129' title='bbox 1165 2106 1424 2178; x_wconf 89' lang='lat' dir='ltr'><strong>fulmine,</strong></span> <span class='ocrx_word' id='word_1_130' title='bbox 1455 2124 1684 2164; x_wconf 90' lang='lat' dir='ltr'><strong>summa</strong></span> <span class='ocrx_word' id='word_1_131' title='bbox 1710 2115 1996 2181; x_wconf 88' lang='lat' dir='ltr'><strong>vaporant</strong></span> 
     </span>
    </p>

    <p class='ocr_par' dir='ltr' id='par_1_21' title="bbox 445 2195 2098 2273">
     <span class='ocr_line' id='line_1_21' title="bbox 445 2195 2098 2273; baseline 0.001 -20"><span class='ocrx_word' id='word_1_132' title='bbox 445 2197 793 2273; x_wconf 90' lang='lat' dir='ltr'><strong>plerumque</strong></span> <span class='ocrx_word' id='word_1_133' title='bbox 823 2206 883 2255; x_wconf 90' lang='lat' dir='ltr'><strong>et</strong></span> <span class='ocrx_word' id='word_1_134' title='bbox 910 2215 1061 2272; x_wconf 89' lang='lat' dir='ltr'><strong>quae</strong></span> <span class='ocrx_word' id='word_1_135' title='bbox 1092 2206 1225 2255; x_wconf 90' lang='lat' dir='ltr'><strong>sunt</strong></span> <span class='ocrx_word' id='word_1_136' title='bbox 1252 2197 1375 2253; x_wconf 88' lang='lat' dir='ltr'><strong>aliis</strong></span> <span class='ocrx_word' id='word_1_137' title='bbox 1405 2197 1587 2271; x_wconf 89' lang='lat' dir='ltr'><strong>magis</strong></span> <span class='ocrx_word' id='word_1_138' title='bbox 1617 2195 1776 2254; x_wconf 89' lang='lat' dir='ltr'><strong>edita</strong></span> <span class='ocrx_word' id='word_1_139' title='bbox 1803 2214 2058 2271; x_wconf 91' lang='lat' dir='ltr'><strong>cumque</strong></span> <span class='ocrx_word' id='word_1_140' title='bbox 2079 2218 2098 2268; x_wconf 83' lang='lat'>3</span> 
     </span>
    </p>

    <p class='ocr_par' dir='ltr' id='par_1_22' title="bbox 444 2288 1701 2361">
     <span class='ocr_line' id='line_1_22' title="bbox 444 2288 1701 2361; baseline -0.001 -16"><span class='ocrx_word' id='word_1_141' title='bbox 444 2297 511 2345; x_wconf 93' lang='lat' dir='ltr'><strong>ut</strong></span> <span class='ocrx_word' id='word_1_142' title='bbox 538 2288 717 2345; x_wconf 89' lang='lat' dir='ltr'><strong>satius</strong></span> <span class='ocrx_word' id='word_1_143' title='bbox 746 2288 931 2345; x_wconf 91' lang='lat' dir='ltr'><strong>multo</strong></span> <span class='ocrx_word' id='word_1_144' title='bbox 960 2289 1076 2345; x_wconf 90' lang='lat' dir='ltr'><strong>iam</strong></span> <span class='ocrx_word' id='word_1_145' title='bbox 1106 2288 1177 2345; x_wconf 91' lang='lat' dir='ltr'><strong>sit</strong></span> <span class='ocrx_word' id='word_1_146' title='bbox 1206 2304 1408 2361; x_wconf 91' lang='lat' dir='ltr'><strong>parere</strong></span> <span class='ocrx_word' id='word_1_147' title='bbox 1438 2288 1701 2360; x_wconf 90' lang='lat' dir='ltr'><strong>quietum</strong></span> 
     </span>
    </p>

    <p class='ocr_par' dir='ltr' id='par_1_23' title="bbox 444 2377 2264 2453">
     <span class='ocr_line' id='line_1_23' title="bbox 444 2377 2264 2453; baseline -0.001 -18"><span class='ocrx_word' id='word_1_148' title='bbox 444 2396 624 2453; x_wconf 87' lang='lat' dir='ltr'><strong>quam</strong></span> <span class='ocrx_word' id='word_1_149' title='bbox 654 2396 854 2453; x_wconf 91' lang='lat' dir='ltr'><strong>regere</strong></span> <span class='ocrx_word' id='word_1_150' title='bbox 882 2379 1130 2452; x_wconf 90' lang='lat' dir='ltr'><strong>imperio</strong></span> <span class='ocrx_word' id='word_1_151' title='bbox 1159 2396 1249 2435; x_wconf 91' lang='lat' dir='ltr'><strong>res</strong></span> <span class='ocrx_word' id='word_1_152' title='bbox 1276 2377 1422 2434; x_wconf 93' lang='lat' dir='ltr'><strong>velle</strong></span> <span class='ocrx_word' id='word_1_153' title='bbox 1453 2387 1512 2434; x_wconf 91' lang='lat' dir='ltr'><strong>et</strong></span> <span class='ocrx_word' id='word_1_154' title='bbox 1539 2396 1718 2452; x_wconf 89' lang='lat' dir='ltr'><strong>regna</strong></span> <span class='ocrx_word' id='word_1_155' title='bbox 1746 2387 1965 2436; x_wconf 92' lang='lat' dir='ltr'><strong>tenere.</strong></span> <span class='ocrx_word' id='word_1_156' title='bbox 2138 2398 2264 2448; x_wconf 89' lang='lat'>1130</span> 
     </span>
    </p>

    <p class='ocr_par' dir='ltr' id='par_1_24' title="bbox 440 2466 1988 2543">
     <span class='ocr_line' id='line_1_24' title="bbox 440 2466 1988 2543; baseline -0.001 -17"><span class='ocrx_word' id='word_1_157' title='bbox 440 2468 695 2543; x_wconf 91' lang='lat' dir='ltr'><strong>proinde</strong></span> <span class='ocrx_word' id='word_1_158' title='bbox 726 2469 849 2526; x_wconf 92' lang='lat' dir='ltr'><strong>sine</strong></span> <span class='ocrx_word' id='word_1_159' title='bbox 880 2469 1175 2525; x_wconf 89' lang='lat' dir='ltr'><strong>incassum</strong></span> <span class='ocrx_word' id='word_1_160' title='bbox 1204 2468 1415 2525; x_wconf 88' lang='lat' dir='ltr'><strong>defessi</strong></span> <span class='ocrx_word' id='word_1_161' title='bbox 1447 2469 1726 2541; x_wconf 87' lang='lat' dir='ltr'><strong>sanguine</strong></span> <span class='ocrx_word' id='word_1_162' title='bbox 1757 2466 1988 2539; x_wconf 87' lang='lat' dir='ltr'><strong>sudent,</strong></span> 
     </span>
    </p>

    <p class='ocr_par' dir='ltr' id='par_1_25' title="bbox 441 2559 1732 2634">
     <span class='ocr_line' id='line_1_25' title="bbox 441 2559 1732 2634; baseline -0.003 -16"><span class='ocrx_word' id='word_1_163' title='bbox 441 2569 751 2634; x_wconf 88' lang='lat' dir='ltr'><strong>angustum</strong></span> <span class='ocrx_word' id='word_1_164' title='bbox 783 2577 889 2634; x_wconf 93' lang='lat' dir='ltr'><strong>per</strong></span> <span class='ocrx_word' id='word_1_165' title='bbox 916 2560 1023 2616; x_wconf 89' lang='lat' dir='ltr'><strong>iter</strong></span> <span class='ocrx_word' id='word_1_166' title='bbox 1050 2560 1334 2617; x_wconf 87' lang='lat' dir='ltr'><strong>luctantes</strong></span> <span class='ocrx_word' id='word_1_167' title='bbox 1362 2559 1694 2615; x_wconf 89' lang='lat' dir='ltr'><strong>ambitionis</strong></span> <span class='ocrx_word' id='word_1_168' title='bbox 1716 2580 1732 2630; x_wconf 81' lang='lat'><em>3</em></span> 
     </span>
    </p>

    <p class='ocr_par' dir='ltr' id='par_1_26' title="bbox 441 2648 1994 2724">
     <span class='ocr_line' id='line_1_26' title="bbox 441 2648 1994 2724; baseline 0 -17"><span class='ocrx_word' id='word_1_169' title='bbox 441 2648 928 2724; x_wconf 87' lang='lat' dir='ltr'><strong>quandoquidem</strong></span> <span class='ocrx_word' id='word_1_170' title='bbox 956 2650 1189 2723; x_wconf 90' lang='lat' dir='ltr'><strong>sapiunt</strong></span> <span class='ocrx_word' id='word_1_171' title='bbox 1216 2649 1408 2707; x_wconf 91' lang='lat' dir='ltr'><strong>alieno</strong></span> <span class='ocrx_word' id='word_1_172' title='bbox 1439 2667 1512 2706; x_wconf 89' lang='lat' dir='ltr'><strong>ex</strong></span> <span class='ocrx_word' id='word_1_173' title='bbox 1539 2666 1638 2705; x_wconf 93' lang='lat' dir='ltr'><strong>ore</strong></span> <span class='ocrx_word' id='word_1_174' title='bbox 1669 2657 1994 2723; x_wconf 86' lang='lat' dir='ltr'><strong>petuntque</strong></span> 
     </span>
    </p>

    <p class='ocr_par' dir='ltr' id='par_1_27' title="bbox 439 2739 1787 2823">
     <span class='ocr_line' id='line_1_27' title="bbox 439 2739 1787 2823; baseline -0.001 -25"><span class='ocrx_word' id='word_1_175' title='bbox 439 2760 531 2798; x_wconf 89' lang='lat' dir='ltr'><strong>res</strong></span> <span class='ocrx_word' id='word_1_176' title='bbox 561 2760 637 2798; x_wconf 84' lang='lat' dir='ltr'><strong>ex</strong></span> <span class='ocrx_word' id='word_1_177' title='bbox 665 2739 877 2823; x_wconf 60' lang='lat' dir='ltr'><strong>auditis</strong></span> <span class='ocrx_word' id='word_1_178' title='bbox 906 2740 1099 2815; x_wconf 90' lang='lat' dir='ltr'><strong>potius</strong></span> <span class='ocrx_word' id='word_1_179' title='bbox 1128 2758 1307 2813; x_wconf 89' lang='lat' dir='ltr'><strong>quam</strong></span> <span class='ocrx_word' id='word_1_180' title='bbox 1337 2741 1601 2797; x_wconf 86' lang='lat' dir='ltr'><strong>sensibus</strong></span> <span class='ocrx_word' id='word_1_181' title='bbox 1631 2740 1787 2814; x_wconf 80' lang='lat' dir='ltr'><strong>ipsiS‚</strong></span> 
     </span>
    </p>

    <p class='ocr_par' dir='ltr' id='par_1_28' title="bbox 438 2829 2257 2997">
     <span class='ocr_line' id='line_1_28' title="bbox 438 2829 2257 2905; baseline -0.003 -16"><span class='ocrx_word' id='word_1_182' title='bbox 438 2850 553 2889; x_wconf 88' lang='lat' dir='ltr'><strong>nec</strong></span> <span class='ocrx_word' id='word_1_183' title='bbox 572 2831 757 2905; x_wconf 89' lang='lat' dir='ltr'><strong>magis</strong></span> <span class='ocrx_word' id='word_1_184' title='bbox 777 2830 837 2887; x_wconf 90' lang='lat' dir='ltr'><strong>id</strong></span> <span class='ocrx_word' id='word_1_185' title='bbox 858 2848 1014 2887; x_wconf 89' lang='lat' dir='ltr'><strong>nunc</strong></span> <span class='ocrx_word' id='word_1_186' title='bbox 1034 2840 1123 2887; x_wconf 91' lang='lat' dir='ltr'><strong>est</strong></span> <span class='ocrx_word' id='word_1_187' title='bbox 1138 2849 1332 2904; x_wconf 90' lang='lat' dir='ltr'><strong>neque</strong></span> <span class='ocrx_word' id='word_1_188' title='bbox 1352 2832 1457 2887; x_wconf 88' lang='lat' dir='ltr'><strong>erit</strong></span> <span class='ocrx_word' id='word_1_189' title='bbox 1477 2849 1614 2887; x_wconf 90' lang='lat' dir='ltr'><strong>mox</strong></span> <span class='ocrx_word' id='word_1_190' title='bbox 1633 2848 1811 2904; x_wconf 87' lang='lat' dir='ltr'><strong>quam</strong></span> <span class='ocrx_word' id='word_1_191' title='bbox 1828 2829 1932 2887; x_wconf 86' lang='lat' dir='ltr'><strong>fuit</strong></span> <span class='ocrx_word' id='word_1_192' title='bbox 1951 2839 2106 2888; x_wconf 87' lang='lat' dir='ltr'><strong>ante.</strong></span> <span class='ocrx_word' id='word_1_193' title='bbox 2137 2852 2154 2885; x_wconf 90' lang='lat'>1</span> <span class='ocrx_word' id='word_1_194' title='bbox 2169 2850 2257 2903; x_wconf 83' lang='lat'><strong>135</strong></span> 
     </span>
     <span class='ocr_line' id='line_1_29' title="bbox 524 2920 1742 2997; baseline -0.001 -18"><span class='ocrx_word' id='word_1_195' title='bbox 524 2924 682 2997; x_wconf 91' lang='lat' dir='ltr'><strong>Ergo</strong></span> <span class='ocrx_word' id='word_1_196' title='bbox 714 2922 941 2996; x_wconf 90' lang='lat' dir='ltr'><strong>regibus</strong></span> <span class='ocrx_word' id='word_1_197' title='bbox 970 2920 1179 2978; x_wconf 89' lang='lat' dir='ltr'><strong>occisis</strong></span> <span class='ocrx_word' id='word_1_198' title='bbox 1208 2922 1484 2979; x_wconf 90' lang='lat' dir='ltr'><strong>subversa</strong></span> <span class='ocrx_word' id='word_1_199' title='bbox 1511 2921 1742 2979; x_wconf 91' lang='lat' dir='ltr'><strong>iacebat</strong></span> 
     </span>
    </p>

    <p class='ocr_par' dir='ltr' id='par_1_29' title="bbox 360 3007 1931 3089">
     <span class='ocr_line' id='line_1_30' title="bbox 360 3007 1931 3089; baseline -0.001 -20"><span class='ocrx_word' id='word_1_200' title='bbox 360 3007 378 3022; x_wconf 80' lang='lat'><strong><em>¹</em></strong></span> <span class='ocrx_word' id='word_1_201' title='bbox 434 3013 684 3089; x_wconf 89' lang='lat' dir='ltr'><strong>pristina</strong></span> <span class='ocrx_word' id='word_1_202' title='bbox 713 3012 980 3069; x_wconf 86' lang='lat' dir='ltr'><strong>maiestas</strong></span> <span class='ocrx_word' id='word_1_203' title='bbox 1010 3012 1285 3069; x_wconf 91' lang='lat' dir='ltr'><strong>soliorum</strong></span> <span class='ocrx_word' id='word_1_204' title='bbox 1316 3021 1374 3068; x_wconf 94' lang='lat' dir='ltr'><strong>et</strong></span> <span class='ocrx_word' id='word_1_205' title='bbox 1404 3022 1634 3087; x_wconf 90' lang='lat' dir='ltr'><strong>sceptra</strong></span> <span class='ocrx_word' id='word_1_206' title='bbox 1663 3012 1931 3086; x_wconf 90' lang='lat' dir='ltr'><strong>superba,</strong></span> 
     </span>
    </p>

    <p class='ocr_par' dir='ltr' id='par_1_30' title="bbox 436 3102 1954 3178">
     <span class='ocr_line' id='line_1_31' title="bbox 436 3102 1954 3178; baseline -0.001 -17"><span class='ocrx_word' id='word_1_207' title='bbox 436 3113 500 3161; x_wconf 90' lang='lat' dir='ltr'><strong>et</strong></span> <span class='ocrx_word' id='word_1_208' title='bbox 529 3102 735 3178; x_wconf 89' lang='lat' dir='ltr'><strong>capitis</strong></span> <span class='ocrx_word' id='word_1_209' title='bbox 764 3103 975 3160; x_wconf 89' lang='lat' dir='ltr'><strong>summi</strong></span> <span class='ocrx_word' id='word_1_210' title='bbox 1004 3103 1362 3177; x_wconf 89' lang='lat' dir='ltr'><strong>praeclarum</strong></span> <span class='ocrx_word' id='word_1_211' title='bbox 1393 3102 1616 3177; x_wconf 90' lang='lat' dir='ltr'><strong>insigne</strong></span> <span class='ocrx_word' id='word_1_212' title='bbox 1647 3112 1954 3159; x_wconf 89' lang='lat' dir='ltr'><strong>cruentum</strong></span> 
     </span>
    </p>

    <p class='ocr_par' dir='ltr' id='par_1_31' title="bbox 434 3193 1941 3269">
     <span class='ocr_line' id='line_1_32' title="bbox 434 3193 1941 3269; baseline -0.002 -16"><span class='ocrx_word' id='word_1_213' title='bbox 434 3194 551 3253; x_wconf 91' lang='lat' dir='ltr'><strong>sub</strong></span> <span class='ocrx_word' id='word_1_214' title='bbox 579 3193 831 3269; x_wconf 86' lang='lat' dir='ltr'><strong>pedibus</strong></span> <span class='ocrx_word' id='word_1_215' title='bbox 858 3194 1009 3268; x_wconf 86' lang='lat' dir='ltr'><strong>vulgi</strong></span> <span class='ocrx_word' id='word_1_216' title='bbox 1042 3212 1319 3267; x_wconf 87' lang='lat' dir='ltr'><strong>magnum</strong></span> <span class='ocrx_word' id='word_1_217' title='bbox 1348 3193 1582 3267; x_wconf 88' lang='lat' dir='ltr'><strong>lugebat</strong></span> <span class='ocrx_word' id='word_1_218' title='bbox 1611 3193 1899 3252; x_wconf 90' lang='lat' dir='ltr'><strong>honorem</strong></span> <span class='ocrx_word' id='word_1_219' title='bbox 1924 3213 1941 3265; x_wconf 82' lang='lat'><em>3</em></span> 
     </span>
    </p>

    <p class='ocr_par' dir='ltr' id='par_1_32' title="bbox 432 3283 2254 3359">
     <span class='ocr_line' id='line_1_33' title="bbox 432 3283 2254 3359; baseline -0.002 -17"><span class='ocrx_word' id='word_1_220' title='bbox 432 3304 575 3347; x_wconf 85' lang='lat' dir='ltr'><strong>nam</strong></span> <span class='ocrx_word' id='word_1_221' title='bbox 606 3283 821 3359; x_wconf 88' lang='lat' dir='ltr'><strong>cupide</strong></span> <span class='ocrx_word' id='word_1_222' title='bbox 852 3284 1229 3341; x_wconf 88' lang='lat' dir='ltr'><strong>conculcatur</strong></span> <span class='ocrx_word' id='word_1_223' title='bbox 1255 3284 1426 3341; x_wconf 88' lang='lat' dir='ltr'><strong>nimis</strong></span> <span class='ocrx_word' id='word_1_224' title='bbox 1457 3294 1590 3341; x_wconf 90' lang='lat' dir='ltr'><strong>ante</strong></span> <span class='ocrx_word' id='word_1_225' title='bbox 1621 3292 1929 3343; x_wconf 85' lang='lat' dir='ltr'><strong>metutum.</strong></span> <span class='ocrx_word' id='word_1_226' title='bbox 2134 3304 2254 3351; x_wconf 86' lang='lat'>1140</span> 
     </span>
    </p>

    <p class='ocr_par' dir='ltr' id='par_1_33' title="bbox 430 3374 2046 3449">
     <span class='ocr_line' id='line_1_34' title="bbox 430 3374 2046 3449; baseline -0.002 -15"><span class='ocrx_word' id='word_1_227' title='bbox 430 3395 531 3435; x_wconf 87' lang='lat' dir='ltr'><strong>res</strong></span> <span class='ocrx_word' id='word_1_228' title='bbox 560 3376 756 3449; x_wconf 86' lang='lat' dir='ltr'><strong>itaque</strong></span> <span class='ocrx_word' id='word_1_229' title='bbox 784 3374 860 3431; x_wconf 90' lang='lat' dir='ltr'><strong>ad</strong></span> <span class='ocrx_word' id='word_1_230' title='bbox 884 3393 1172 3432; x_wconf 89' lang='lat' dir='ltr'><strong>summam</strong></span> <span class='ocrx_word' id='word_1_231' title='bbox 1203 3375 1426 3431; x_wconf 83' lang='lat' dir='ltr'><strong>faecem</strong></span> <span class='ocrx_word' id='word_1_232' title='bbox 1457 3375 1768 3449; x_wconf 88' lang='lat' dir='ltr'><strong>turbasque</strong></span> <span class='ocrx_word' id='word_1_233' title='bbox 1799 3374 2046 3445; x_wconf 89' lang='lat' dir='ltr'><strong>redibat,</strong></span> 
     </span>
    </p>

    <p class='ocr_par' dir='ltr' id='par_1_34' title="bbox 430 3464 2096 3541">
     <span class='ocr_line' id='line_1_35' title="bbox 430 3464 2096 3541; baseline -0.001 -17"><span class='ocrx_word' id='word_1_234' title='bbox 430 3466 748 3541; x_wconf 89' lang='lat' dir='ltr'><strong>imperium</strong></span> <span class='ocrx_word' id='word_1_235' title='bbox 779 3466 887 3523; x_wconf 91' lang='lat' dir='ltr'><strong>sibi</strong></span> <span class='ocrx_word' id='word_1_236' title='bbox 916 3483 1052 3522; x_wconf 91' lang='lat' dir='ltr'><strong>cum</strong></span> <span class='ocrx_word' id='word_1_237' title='bbox 1082 3484 1152 3521; x_wconf 91' lang='lat' dir='ltr'><strong>ac</strong></span> <span class='ocrx_word' id='word_1_238' title='bbox 1180 3476 1532 3522; x_wconf 88' lang='lat' dir='ltr'><strong>summatum</strong></span> <span class='ocrx_word' id='word_1_239' title='bbox 1562 3466 1808 3539; x_wconf 88' lang='lat' dir='ltr'><strong>quisque</strong></span> <span class='ocrx_word' id='word_1_240' title='bbox 1839 3464 2096 3540; x_wconf 88' lang='lat' dir='ltr'><strong>petebat.</strong></span> 
     </span>
    </p>

    <p class='ocr_par' dir='ltr' id='par_1_35' title="bbox 430 3555 1753 3631">
     <span class='ocr_line' id='line_1_36' title="bbox 430 3555 1753 3631; baseline -0.004 -14"><span class='ocrx_word' id='word_1_241' title='bbox 430 3556 577 3617; x_wconf 87' lang='lat' dir='ltr'><strong>inde</strong></span> <span class='ocrx_word' id='word_1_242' title='bbox 608 3556 1001 3631; x_wconf 88' lang='lat' dir='ltr'><strong>magistratum</strong></span> <span class='ocrx_word' id='word_1_243' title='bbox 1033 3556 1241 3630; x_wconf 87' lang='lat' dir='ltr'><strong>partim</strong></span> <span class='ocrx_word' id='word_1_244' title='bbox 1270 3555 1527 3613; x_wconf 89' lang='lat' dir='ltr'><strong>docuere</strong></span> <span class='ocrx_word' id='word_1_245' title='bbox 1558 3574 1753 3613; x_wconf 89' lang='lat' dir='ltr'><strong>creare</strong></span> 
     </span>
    </p>
   </div>
  </div>
 </body>
</html>
