2784 3992
479 310 569 388 46
1118 322 1581 376 LUCRETIUS
2176 320 2284 389 [ΙΙ.

482 486 746 545 sensibus
775 484 1135 561 introituque
1162 501 1269 541 suo
1300 500 1675 559 perrumpere
1705 501 1938 559 corpus.

565 577 781 637 Omnia
808 586 1110 652 postremo
1138 576 1295 633 bona
1322 574 1585 632 sensibus
1615 584 1673 631 et
1700 574 1854 632 mala
1879 584 2038 633 tactu

483 667 744 727 dissimili
771 668 919 725 inter
946 685 1008 725 se
1039 674 1302 742 pugnant
1328 665 1592 739 perfecta
1617 665 1800 740 figura
1822 686 1839 737 3

482 778 559 817 ne
588 767 651 815 tu
679 758 825 815 forte
853 766 1026 833 putes
1054 774 1242 815 serrae
1272 754 1565 814 stridentis
1593 756 1872 813 acerbum
1981 808 1990 819 ‚
2191 776 2292 824 410

483 850 779 907 horrorem
810 858 1077 906 constare
1112 847 1416 904 elementis
1445 846 1667 904 levibus
1696 863 1884 921 aeque

483 957 554 996 ac
582 957 821 996 musaea
850 939 1017 1009 mele,
1048 956 1154 1013 per
1182 936 1434 995 chordas
1463 937 1722 1011 organici
1751 954 1902 1011 quae

483 1029 793 1087 mobilibus
824 1028 1016 1104 digitis
1046 1027 1456 1103 expergefacta
1483 1028 1732 1102 figurant
1751 1047 1769 1099 3

483 1138 599 1177 neu
629 1120 793 1177 simili
824 1129 1128 1193 penetrare
1156 1127 1326 1193 putes
1355 1116 1677 1193 primordia
1704 1119 1889 1175 forma

483 1211 543 1268 in
571 1228 739 1267 nares
767 1210 1089 1280 hominum,
1120 1228 1255 1265 cum
1284 1217 1468 1265 taetra
1496 1206 1783 1265 cadavera
1810 1216 2045 1279 torrent,
2195 1228 2254 1275 41
2263 1224 2290 1277 5

484 1310 542 1358 et
573 1318 709 1357 cum
737 1317 917 1357 scena
943 1317 1120 1357 croco
1150 1299 1317 1357 Cilici
1345 1286 1580 1373 perfusa
1606 1316 1812 1356 recens
1843 1307 1932 1356 est

482 1408 698 1464 araque
730 1390 1068 1447 Panchaeos
1098 1388 1327 1447 exhalat
1356 1398 1596 1464 propter
1623 1388 1835 1446 odores
1856 1408 1874 1461 3

483 1498 631 1538 neve
660 1480 849 1539 bonos
879 1498 1068 1537 rerum
1099 1480 1269 1537 simili
1298 1490 1566 1537 constare
1597 1479 1824 1537 colores

484 1571 706 1634 semine
735 1571 1070 1641 constituaS,
1100 1570 1302 1627 oculos
1332 1571 1432 1645 qui
1461 1587 1702 1645 pascere
1730 1577 1992 1644 possunt,

484 1672 543 1720 et
571 1662 672 1736 qui
700 1670 1084 1735 conpungunt
1112 1661 1301 1718 aciem
1329 1661 1745 1735 lacrimareque
1776 1668 1996 1735 cogunt
2195 1681 2296 1729 420

484 1762 583 1810 aut
611 1751 788 1809 foeda
815 1752 1011 1827 specie
1043 1751 1150 1809 diri
1178 1761 1493 1826 turpesque
1522 1750 1812 1809 videntur.

484 1843 675 1901 omnis
704 1844 879 1915 enim,
912 1860 1113 1899 sensus
1143 1860 1293 1917 quae
1322 1842 1542 1899 mulcet
1570 1860 1843 1916 cumque,
1872 1841 2056 1917 figura

484 1934 624 1991 haut
654 1934 777 1992 sine
807 1933 1130 2007 principiali
1159 1934 1354 2008 aliquo
1383 1934 1576 1992 levore
1607 1941 1854 1991 creatast
1874 1953 1893 2005 3

485 2033 543 2081 at
572 2033 775 2081 contra
802 2006 1209 2098 quaecumque
1240 2024 1486 2081 molesta
1512 2032 1689 2097 atque
1719 2041 1924 2098 aspera
1950 2031 2198 2093 constat,

486 2133 604 2172 non
636 2114 830 2187 aliquo
860 2114 983 2171 sine
1014 2114 1287 2171 materiae
1318 2113 1584 2188 squalore
1613 2122 1912 2188 repertast.
2194 2132 2292 2185 425

484 2214 618 2264 sunt
647 2204 821 2262 etiarn
850 2221 999 2278 quae
1030 2204 1145 2261 iam
1173 2221 1285 2260 nec
1312 2204 1464 2261 levia
1490 2204 1612 2261 iure
1641 2213 1917 2279 putantur

484 2314 611 2353 esse
640 2313 833 2369 neque
863 2295 1104 2352 omnino
1134 2294 1294 2352 flexis
1323 2295 1701 2352 mucronibus
1731 2312 1902 2366 unca,

483 2384 590 2444 sed
619 2386 801 2461 magis
824 2386 1061 2460 angellis
1087 2385 1326 2460 paulum
1354 2385 1766 2459 prostantibuS,
1797 2383 1963 2459 utqui

483 2476 707 2533 titillare
737 2477 921 2551 magis
950 2494 1152 2533 sensus
1182 2494 1359 2549 quam
1388 2472 1623 2532 laedere
1651 2475 1876 2549 possint
1895 2495 1914 2547 3

484 2566 708 2624 faecula
735 2567 851 2624 iarn
878 2585 996 2640 quo
1026 2566 1101 2622 de
1129 2583 1343 2640 genere
1373 2575 1463 2623 est
1489 2565 1800 2639 inulaeque
1831 2583 2084 2640 sapores,
2195 2585 2296 2636 430

485 2657 741 2731 denique
771 2658 885 2714 iam
916 2656 1135 2714 calidos
1166 2656 1311 2731 ignis
1340 2655 1711 2731 gelidamque
1741 2656 2011 2730 pruinam

485 2747 746 2805 dissimili
774 2747 1011 2805 dentata
1040 2746 1219 2804 modo
1249 2765 1626 2822 conpungere
1656 2764 1860 2805 sensus

486 2839 763 2912 corporiS,
795 2838 1010 2895 indicio
1040 2838 1211 2895 nobis
1240 2848 1328 2895 est
1356 2847 1543 2895 tactus
1571 2846 1837 2911 uterque.

485 2936 673 2985 tactus
703 2928 878 2998 enim,
909 2938 1113 3000 tactuS,
1143 2947 1251 3003 pro
1282 2928 1480 2985 divum
1509 2928 1752 2986 numina
1779 2936 1996 2999 sancta,

486 3018 745 3092 corporis
776 3027 863 3074 est
891 3036 1111 3089 sensus,
1140 3020 1233 3076 vel
1263 3038 1400 3075 cum
1427 3037 1518 3076 res
1548 3028 1746 3075 extera
1773 3036 1901 3083 sese
2195 3040 2294 3092 435

486 3108 754 3178 insinuat,
785 3109 875 3165 vel
903 3126 1039 3165 cum
1065 3108 1246 3166 laedit
1274 3127 1424 3183 quae
1453 3110 1512 3166 in
1543 3127 1789 3183 corpore
1817 3117 2005 3167 natast

486 3208 584 3256 aut
612 3200 768 3255 iuvat
796 3199 1099 3272 egrediens
1128 3199 1389 3274 genitalis
1419 3217 1524 3273 per
1548 3192 1794 3257 Veneris
1821 3218 1931 3272 reS,

486 3298 584 3345 aut
613 3307 687 3345 ex
715 3287 938 3346 offensu
969 3308 1103 3346 cum
1135 3290 1366 3347 turbant
1397 3307 1640 3363 corpore
1673 3290 1732 3347 in
1760 3290 1890 3365 ipso

486 3380 709 3437 ser'nina
735 3379 1221 3453 confunduntque
1250 3381 1400 3437 inter
1427 3398 1490 3442 se
1520 3381 1756 3439 concita
1782 3399 2018 3440 sensum
2037 3381 2056 3455 3

487 3478 550 3528 ut
578 3470 625 3527 si
653 3470 798 3526 forte
829 3488 1002 3526 manu
1034 3470 1294 3543 quamvis
1323 3471 1439 3527 iam
1470 3472 1730 3545 corporis
1759 3471 1884 3546 ipse
2196 3496 2296 3545 440

486 3569 609 3621 tute
638 3560 743 3618 tibi
770 3570 993 3639 partem
1023 3560 1189 3622 ferias
1217 3572 1389 3639 atque
1419 3561 1734 3641 experiare.

92 3717 827 3953 A*
