2784 3992
455 305 542 352 20
1133 301 1599 355 LUCRETms
2187 303 2264 372 [1.

453 463 635 521 ardua
663 462 805 520 dum
835 470 1120 547 metuunt²
1152 460 1428 519 amittunt
1454 480 1591 520 vera
1615 461 1747 540 viai,

455 573 565 612 nec
595 573 817 611 rursum
848 563 1094 610 cernunt
1124 563 1400 627 exempto
1430 553 1603 611 rebus
1633 553 1791 610 inani
2170 561 2271 612 660

454 646 654 703 omnia
681 645 911 702 denseri
940 645 1180 718 fierique
1205 662 1278 701 ex
1307 644 1579 702 omnibus
1609 663 1791 701 unum

455 754 686 810 corpuS,
717 735 796 792 nil
823 734 899 793 ab
927 753 990 792 se
1020 734 1184 809 quod
1212 735 1397 809 possit
1425 735 1652 792 mittere
1681 735 1892 809 raptim
1914 755 1933 808 ;

455 827 682 885 aestifer
710 827 856 902 ignis
884 826 969 883 uti
995 825 1196 883 lumen
1222 825 1359 883 iacit
1386 834 1563 900 atque
1592 844 1891 901 vaporem,

457 927 518 975 ut
548 917 744 974 videas
771 935 892 974 non
922 935 955 973 e
985 917 1208 990 stipatis
1235 916 1495 991 partibus
1525 934 1673 974 esse.

456 1006 618 1082 quod
647 1007 693 1064 si
721 1007 868 1064 forte
899 1007 1010 1064 alia
1039 1006 1286 1064 credunt
1314 1007 1540 1064 ratione
1568 1016 1803 1082 potesse
2172 1013 2269 1078 665

455 1098 602 1172 ignis
632 1099 692 1155 in
720 1107 894 1156 coetu
924 1097 1135 1172 stingui
1165 1106 1506 1171 mutareque
1536 1116 1770 1172 corpuS,

456 1189 676 1246 scilicet
704 1207 779 1245 ex
806 1188 962 1245 nulla
991 1188 1180 1245 facere
1211 1187 1274 1244 id
1304 1189 1350 1245 si
1378 1198 1543 1262 parte
1571 1197 1897 1263 reparcent,

457 1279 693 1337 occidet
720 1278 797 1336 ad
825 1279 1008 1335 nilum
1037 1279 1309 1335 nimirum
1338 1278 1597 1336 funditus
1626 1279 1799 1337 ardor

456 1370 646 1428 omnis
677 1380 736 1426 et
763 1387 796 1426 e
825 1370 946 1426 nilo
974 1369 1116 1426 fient
1143 1387 1553 1443 quaecumque
1582 1379 1865 1429 creantur.

455 1479 592 1518 nam
621 1459 1037 1534 quodcumque
1066 1460 1183 1517 suis
1212 1469 1500 1517 mutatum
1529 1461 1740 1519 finibus
1769 1462 1903 1532 exit,
2172 1467 2272 1528 670

456 1551 738 1608 continuo
767 1550 884 1608 hoc
913 1569 1068 1608 mors
1097 1560 1184 1607 est
1212 1550 1359 1607 illius
1391 1549 1555 1624 quod
1584 1551 1691 1608 fuit
1718 1561 1875 1610 ante.

457 1641 703 1716 proinde
733 1641 934 1715 aliquit
961 1658 1232 1715 superare
1263 1659 1505 1698 necesse
1537 1651 1625 1699 est
1652 1642 1950 1720 incolume
1978 1642 2122 1714 ollis,

457 1751 533 1789 ne
563 1733 666 1789 tibi
694 1751 786 1790 res
813 1730 1060 1789 redeant
1087 1730 1164 1789 ad
1191 1731 1375 1788 nilum
1404 1731 1666 1790 funditus
1695 1751 1899 1791 omnes
1938 1735 1945 1740 “

458 1822 533 1880 de
563 1823 800 1896 niloque
829 1831 1029 1879 renata
1055 1822 1313 1896 vigescat
1339 1823 1516 1897 copia
1539 1841 1749 1880 rerum.

459 1932 613 1970 nunc
645 1913 814 1988 igitur
841 1913 1120 1988 quoniam
1149 1913 1472 1970 certissima
1498 1932 1746 1989 corpora
1774 1913 2067 1988 quaedam
2172 1920 2267 1986 675

459 2013 592 2061 sunt
621 2022 771 2077 quae
801 2014 1149 2061 conservant
1175 2013 1443 2061 naturam
1474 2023 1707 2078 semper
1734 2005 2002 2076 eandem,

459 2115 709 2171 quorum
737 2097 897 2154 abitu
925 2106 1024 2153 aut
1051 2095 1211 2153 aditu
1241 2106 1585 2171 mutatoque
1614 2097 1821 2155 ordine
1850 2108 2077 2156 mutant

458 2197 721 2244 naturam
749 2205 842 2245 res
870 2195 931 2244 et
958 2196 1304 2245 convertunt
1333 2205 1581 2262 corpora
1608 2206 1753 2260 sese,

459 2278 604 2336 scire
633 2278 771 2335 licet
797 2295 919 2334 non
947 2295 1074 2334 esse
1105 2277 1250 2334 haec
1282 2278 1455 2353 ignea
1482 2296 1730 2353 corpora
1756 2298 1965 2337 rerum.

455 2369 538 2448 nil
564 2368 799 2426 referret
827 2367 985 2425 enim
1015 2367 1312 2442 quaedam
1342 2368 1655 2441 decedere,
1686 2370 1863 2440 abire,
2172 2377 2271 2428 680

458 2470 631 2534 atque
661 2459 770 2516 alia
799 2458 1068 2530 adtribui,
1101 2460 1429 2533 mutarique
1460 2459 1665 2517 ordine
1695 2460 2006 2534 quaedam,

459 2551 505 2609 si
533 2560 731 2608 tamen
759 2549 980 2608 ardoris
1008 2560 1270 2607 naturam
1301 2560 1516 2608 cuncta
1543 2560 1808 2608 tenerent
1828 2573 1844 2624 3

459 2642 605 2716 ignis
634 2642 793 2700 enim
822 2642 972 2699 foret
998 2640 1354 2698 omnimodis
1383 2641 1803 2716 quodcumque
1833 2652 2109 2700 crearent.

458 2750 676 2804 verum,
701 2741 765 2790 ut
791 2732 1021 2807 opinor,
1050 2731 1182 2789 itast
1206 2753 1218 2789 :
1265 2742 1399 2789 sunt
1430 2731 1719 2806 quaedam
1747 2750 1995 2807 corpora
2023 2751 2270 2807 quorum

459 2841 776 2880 concursus
803 2831 998 2880 motus
1027 2822 1176 2880 ordo
1205 2823 1465 2896 positura
1492 2823 1707 2898 figurae
2170 2830 2265 2894 685

460 2913 718 2970 efficiunt
747 2913 912 2988 igniS,
942 2923 1284 2987 mutatoque
1314 2912 1519 2969 ordine
1550 2921 1774 2970 mutant

458 3013 723 3060 naturam
749 3021 946 3077 neque
977 3013 1109 3060 sunt
1137 3003 1258 3078 igni
1285 3003 1551 3060 simulata
1576 3021 1770 3077 neque
1798 3004 1896 3062 ulli

459 3103 758 3168 praeterea
784 3092 868 3150 rei
897 3111 1049 3167 quae
1078 3111 1328 3168 corpora
1354 3095 1581 3150 mittere
1610 3094 1792 3168 possit

458 3184 723 3243 sensibus
752 3193 813 3241 et
837 3194 1068 3241 nostros
1095 3183 1327 3240 adiectu
1357 3195 1593 3258 tangere
1622 3193 1825 3243 tactuS.
2098 3241 2238 3294 s

541 3275 755 3332 Dicere
785 3293 960 3350 porro
989 3276 1185 3350 ignem
1212 3293 1304 3332 res
1333 3275 1524 3332 omnis
1554 3293 1679 3332 esse
1708 3293 1902 3348 neque
1931 3276 2107 3333 ullam
2168 3282 2267 3349 690

457 3384 582 3423 rem
609 3384 806 3422 veram
834 3366 894 3422 in
922 3384 1168 3422 numero
1196 3384 1385 3421 rerum
1415 3375 1680 3422 constare
1709 3366 1818 3422 nisi
1845 3366 2059 3440 ignem,

461 3455 623 3530 quod
651 3457 789 3513 facit
817 3455 912 3512 hic
941 3456 1118 3526 idem,
1149 3453 1503 3530 perdelirum
1534 3473 1659 3512 esse
1688 3455 1931 3517 videtur.

459 3565 597 3604 nam
624 3556 829 3606 contra
857 3543 1060 3604 sensus
1087 3547 1164 3604 ab
1191 3546 1455 3604 sensibus
1486 3546 1607 3621 ipse
1634 3556 1916 3622 repugnat
