<?xml version="1.0" encoding="UTF-8"?>
<!DOCTYPE html PUBLIC "-//W3C//DTD XHTML 1.0 Transitional//EN"
    "http://www.w3.org/TR/xhtml1/DTD/xhtml1-transitional.dtd">
<html xmlns="http://www.w3.org/1999/xhtml" xml:lang="en" lang="en">
 <head>
  <title>
</title>
<meta http-equiv="Content-Type" content="text/html;charset=utf-8" />
  <meta name='ocr-system' content='tesseract 3.04.00' />
  <meta name='ocr-capabilities' content='ocr_page ocr_carea ocr_par ocr_line ocrx_word'/>
</head>
<body>
  <div class='ocr_page' id='page_1' title='image "./tlucreticarider06unkngoog_0187.png"; bbox 0 0 2784 3992; ppageno 0'>
   <div class='ocr_carea' id='block_1_1' title="bbox 455 309 2262 383">
    <p class='ocr_par' dir='ltr' id='par_1_1' title="bbox 455 309 2262 383">
     <span class='ocr_line' id='line_1_1' title="bbox 455 309 2262 383; baseline 0 -18"><span class='ocrx_word' id='word_1_1' title='bbox 455 309 589 383; x_wconf 70' lang='lat' dir='ltr'><strong>m]</strong></span> <span class='ocrx_word' id='word_1_2' title='bbox 940 312 1052 366; x_wconf 86' lang='lat' dir='ltr'><strong>DE</strong></span> <span class='ocrx_word' id='word_1_3' title='bbox 1103 312 1393 367; x_wconf 80' lang='lat' dir='ltr'>RERUM</span> <span class='ocrx_word' id='word_1_4' title='bbox 1449 312 1793 368; x_wconf 78' lang='lat' dir='ltr'>NATURA</span> <span class='ocrx_word' id='word_1_5' title='bbox 2149 314 2262 381; x_wconf 81' lang='lat'><strong>125</strong></span> 
     </span>
    </p>
   </div>
   <div class='ocr_carea' id='block_1_2' title="bbox 408 472 2269 3635">
    <p class='ocr_par' dir='ltr' id='par_1_2' title="bbox 451 472 2265 733">
     <span class='ocr_line' id='line_1_2' title="bbox 451 472 1818 550; baseline 0 -18"><span class='ocrx_word' id='word_1_6' title='bbox 451 491 617 532; x_wconf 88' lang='lat' dir='ltr'><strong>urere</strong></span> <span class='ocrx_word' id='word_1_7' title='bbox 644 492 722 532; x_wconf 90' lang='lat' dir='ltr'><strong>ne</strong></span> <span class='ocrx_word' id='word_1_8' title='bbox 750 472 934 550; x_wconf 87' lang='lat' dir='ltr'>possit</span> <span class='ocrx_word' id='word_1_9' title='bbox 961 473 1120 532; x_wconf 87' lang='lat' dir='ltr'><strong>calor</strong></span> <span class='ocrx_word' id='word_1_10' title='bbox 1147 474 1395 549; x_wconf 84' lang='lat' dir='ltr'><strong>amplius</strong></span> <span class='ocrx_word' id='word_1_11' title='bbox 1423 473 1619 534; x_wconf 85' lang='lat' dir='ltr'><strong>aridus</strong></span> <span class='ocrx_word' id='word_1_12' title='bbox 1647 484 1818 534; x_wconf 75' lang='lat' dir='ltr'><strong>artus,</strong></span> 
     </span>
     <span class='ocr_line' id='line_1_3' title="bbox 452 564 2265 641; baseline 0.002 -19"><span class='ocrx_word' id='word_1_13' title='bbox 452 564 534 622; x_wconf 89' lang='lat' dir='ltr'><strong>sic</strong></span> <span class='ocrx_word' id='word_1_14' title='bbox 562 565 733 640; x_wconf 88' lang='lat' dir='ltr'><strong>igitur</strong></span> <span class='ocrx_word' id='word_1_15' title='bbox 761 565 861 623; x_wconf 90' lang='lat' dir='ltr'><strong>tibi</strong></span> <span class='ocrx_word' id='word_1_16' title='bbox 893 565 1103 623; x_wconf 89' lang='lat' dir='ltr'><strong>anhela</strong></span> <span class='ocrx_word' id='word_1_17' title='bbox 1132 565 1251 623; x_wconf 90' lang='lat' dir='ltr'><strong>sitis</strong></span> <span class='ocrx_word' id='word_1_18' title='bbox 1282 565 1359 623; x_wconf 93' lang='lat' dir='ltr'><strong>de</strong></span> <span class='ocrx_word' id='word_1_19' title='bbox 1390 583 1636 641; x_wconf 89' lang='lat' dir='ltr'><strong>corpore</strong></span> <span class='ocrx_word' id='word_1_20' title='bbox 1665 576 1868 625; x_wconf 88' lang='lat' dir='ltr'><strong>nostro</strong></span> <span class='ocrx_word' id='word_1_21' title='bbox 2168 574 2265 639; x_wconf 81' lang='grc'><strong>875</strong></span> 
     </span>
     <span class='ocr_line' id='line_1_4' title="bbox 452 655 1642 733; baseline 0.003 -21"><span class='ocrx_word' id='word_1_22' title='bbox 452 655 717 727; x_wconf 84' lang='lat' dir='ltr'><strong>abluitur,</strong></span> <span class='ocrx_word' id='word_1_23' title='bbox 748 656 831 713; x_wconf 93' lang='lat' dir='ltr'><strong>sic</strong></span> <span class='ocrx_word' id='word_1_24' title='bbox 863 656 1126 730; x_wconf 84' lang='lat' dir='ltr'><strong>expletur</strong></span> <span class='ocrx_word' id='word_1_25' title='bbox 1154 656 1348 714; x_wconf 88' lang='lat' dir='ltr'><strong>ieiuna</strong></span> <span class='ocrx_word' id='word_1_26' title='bbox 1377 656 1642 733; x_wconf 87' lang='lat' dir='ltr'><strong>cupid0.]</strong></span> 
     </span>
    </p>

    <p class='ocr_par' dir='ltr' id='par_1_3' title="bbox 452 746 2269 3362">
     <span class='ocr_line' id='line_1_5' title="bbox 533 746 1926 822; baseline 0.002 -19"><span class='ocrx_word' id='word_1_27' title='bbox 533 747 589 802; x_wconf 96' lang='lat' dir='ltr'>N</span> <span class='ocrx_word' id='word_1_28' title='bbox 593 764 709 803; x_wconf 93' lang='lat' dir='ltr'><strong>unc</strong></span> <span class='ocrx_word' id='word_1_29' title='bbox 738 746 839 819; x_wconf 92' lang='lat' dir='ltr'><strong>qui</strong></span> <span class='ocrx_word' id='word_1_30' title='bbox 866 746 967 803; x_wconf 89' lang='lat' dir='ltr'><strong>fiat</strong></span> <span class='ocrx_word' id='word_1_31' title='bbox 995 746 1075 804; x_wconf 91' lang='lat' dir='ltr'><strong>uti</strong></span> <span class='ocrx_word' id='word_1_32' title='bbox 1105 763 1309 821; x_wconf 84' lang='lat' dir='ltr'><strong>passus</strong></span> <span class='ocrx_word' id='word_1_33' title='bbox 1336 748 1594 821; x_wconf 89' lang='lat' dir='ltr'><strong>proferre</strong></span> <span class='ocrx_word' id='word_1_34' title='bbox 1623 766 1926 822; x_wconf 83' lang='lat' dir='ltr'><strong>queamuS‚</strong></span> 
     </span>
     <span class='ocr_line' id='line_1_6' title="bbox 452 836 2106 911; baseline 0.002 -18"><span class='ocrx_word' id='word_1_35' title='bbox 452 855 588 894; x_wconf 91' lang='lat' dir='ltr'><strong>cum</strong></span> <span class='ocrx_word' id='word_1_36' title='bbox 613 836 898 907; x_wconf 91' lang='lat' dir='ltr'><strong>volumus,</strong></span> <span class='ocrx_word' id='word_1_37' title='bbox 927 837 1198 911; x_wconf 86' lang='lat' dir='ltr'><strong>varieque</strong></span> <span class='ocrx_word' id='word_1_38' title='bbox 1227 836 1430 895; x_wconf 87' lang='lat' dir='ltr'><strong>datum</strong></span> <span class='ocrx_word' id='word_1_39' title='bbox 1460 838 1532 895; x_wconf 91' lang='lat' dir='ltr'><strong>sit</strong></span> <span class='ocrx_word' id='word_1_40' title='bbox 1560 839 1824 897; x_wconf 92' lang='lat' dir='ltr'><strong>membra</strong></span> <span class='ocrx_word' id='word_1_41' title='bbox 1849 856 2106 911; x_wconf 89' lang='lat' dir='ltr'><strong>movere,</strong></span> 
     </span>
     <span class='ocr_line' id='line_1_7' title="bbox 453 928 2010 1003; baseline 0.003 -20"><span class='ocrx_word' id='word_1_42' title='bbox 453 936 512 984; x_wconf 90' lang='lat' dir='ltr'><strong>et</strong></span> <span class='ocrx_word' id='word_1_43' title='bbox 538 944 689 1001; x_wconf 90' lang='lat' dir='ltr'><strong>quae</strong></span> <span class='ocrx_word' id='word_1_44' title='bbox 718 945 809 984; x_wconf 92' lang='lat' dir='ltr'><strong>res</strong></span> <span class='ocrx_word' id='word_1_45' title='bbox 838 936 1063 985; x_wconf 87' lang='lat' dir='ltr'><strong>tantum</strong></span> <span class='ocrx_word' id='word_1_46' title='bbox 1093 928 1207 986; x_wconf 92' lang='lat' dir='ltr'><strong>hoc</strong></span> <span class='ocrx_word' id='word_1_47' title='bbox 1236 928 1430 986; x_wconf 91' lang='lat' dir='ltr'><strong>oneris</strong></span> <span class='ocrx_word' id='word_1_48' title='bbox 1458 928 1800 1003; x_wconf 86' lang='lat' dir='ltr'><strong>protrudere</strong></span> <span class='ocrx_word' id='word_1_49' title='bbox 1829 930 2010 987; x_wconf 89' lang='lat' dir='ltr'><strong>nostri</strong></span> 
     </span>
     <span class='ocr_line' id='line_1_8' title="bbox 452 1017 2263 1094; baseline 0.002 -19"><span class='ocrx_word' id='word_1_50' title='bbox 452 1017 711 1092; x_wconf 86' lang='lat' dir='ltr'><strong>corporis</strong></span> <span class='ocrx_word' id='word_1_51' title='bbox 739 1018 995 1087; x_wconf 89' lang='lat' dir='ltr'><strong>insuerit,</strong></span> <span class='ocrx_word' id='word_1_52' title='bbox 1027 1017 1257 1076; x_wconf 89' lang='lat' dir='ltr'><strong>dicam:</strong></span> <span class='ocrx_word' id='word_1_53' title='bbox 1303 1027 1367 1077; x_wconf 86' lang='lat' dir='ltr'><strong>tu</strong></span> <span class='ocrx_word' id='word_1_54' title='bbox 1394 1020 1633 1094; x_wconf 89' lang='lat' dir='ltr'><strong>percipe</strong></span> <span class='ocrx_word' id='word_1_55' title='bbox 1663 1018 1837 1077; x_wconf 87' lang='lat' dir='ltr'><strong>dicta.</strong></span> <span class='ocrx_word' id='word_1_56' title='bbox 2165 1028 2263 1079; x_wconf 87' lang='lat'><strong>880</strong></span> 
     </span>
     <span class='ocr_line' id='line_1_9' title="bbox 454 1106 1920 1184; baseline 0.001 -19"><span class='ocrx_word' id='word_1_57' title='bbox 454 1107 588 1166; x_wconf 91' lang='lat' dir='ltr'><strong>dico</strong></span> <span class='ocrx_word' id='word_1_58' title='bbox 617 1109 813 1166; x_wconf 89' lang='lat' dir='ltr'><strong>animo</strong></span> <span class='ocrx_word' id='word_1_59' title='bbox 843 1118 1041 1167; x_wconf 91' lang='lat' dir='ltr'><strong>nostro</strong></span> <span class='ocrx_word' id='word_1_60' title='bbox 1068 1106 1319 1184; x_wconf 83' lang='lat' dir='ltr'><strong>primum</strong></span> <span class='ocrx_word' id='word_1_61' title='bbox 1350 1109 1655 1168; x_wconf 86' lang='lat' dir='ltr'><strong>simulacra</strong></span> <span class='ocrx_word' id='word_1_62' title='bbox 1683 1109 1920 1168; x_wconf 89' lang='lat' dir='ltr'><strong>meandi</strong></span> 
     </span>
     <span class='ocr_line' id='line_1_10' title="bbox 452 1198 2043 1274; baseline 0.003 -19"><span class='ocrx_word' id='word_1_63' title='bbox 452 1198 719 1256; x_wconf 90' lang='lat' dir='ltr'><strong>accidere</strong></span> <span class='ocrx_word' id='word_1_64' title='bbox 749 1208 925 1273; x_wconf 89' lang='lat' dir='ltr'><strong>atque</strong></span> <span class='ocrx_word' id='word_1_65' title='bbox 952 1200 1214 1257; x_wconf 84' lang='lat' dir='ltr'><strong>animum</strong></span> <span class='ocrx_word' id='word_1_66' title='bbox 1241 1200 1488 1274; x_wconf 86' lang='lat' dir='ltr'><strong>pulsare,</strong></span> <span class='ocrx_word' id='word_1_67' title='bbox 1517 1209 1582 1257; x_wconf 92' lang='lat' dir='ltr'><strong>ut</strong></span> <span class='ocrx_word' id='word_1_68' title='bbox 1610 1199 1862 1258; x_wconf 85' lang='lat' dir='ltr'><strong>diximus</strong></span> <span class='ocrx_word' id='word_1_69' title='bbox 1889 1212 2043 1259; x_wconf 91' lang='lat' dir='ltr'><strong>ante.</strong></span> 
     </span>
     <span class='ocr_line' id='line_1_11' title="bbox 452 1288 2092 1366; baseline 0.002 -20"><span class='ocrx_word' id='word_1_70' title='bbox 452 1288 588 1346; x_wconf 89' lang='lat' dir='ltr'><strong>inde</strong></span> <span class='ocrx_word' id='word_1_71' title='bbox 616 1289 882 1347; x_wconf 91' lang='lat' dir='ltr'><strong>voluntas</strong></span> <span class='ocrx_word' id='word_1_72' title='bbox 910 1290 974 1347; x_wconf 91' lang='lat' dir='ltr'><strong>fit</strong></span> <span class='ocrx_word' id='word_1_73' title='bbox 995 1311 1012 1362; x_wconf 83' lang='lat'><em>3</em></span> <span class='ocrx_word' id='word_1_74' title='bbox 1054 1308 1250 1365; x_wconf 90' lang='lat' dir='ltr'><strong>neque</strong></span> <span class='ocrx_word' id='word_1_75' title='bbox 1280 1291 1435 1348; x_wconf 89' lang='lat' dir='ltr'><strong>enim</strong></span> <span class='ocrx_word' id='word_1_76' title='bbox 1466 1291 1657 1348; x_wconf 85' lang='lat' dir='ltr'><strong>facere</strong></span> <span class='ocrx_word' id='word_1_77' title='bbox 1685 1291 1889 1366; x_wconf 87' lang='lat' dir='ltr'><strong>incipit</strong></span> <span class='ocrx_word' id='word_1_78' title='bbox 1917 1293 2092 1350; x_wconf 85' lang='lat' dir='ltr'><strong>ullam</strong></span> 
     </span>
     <span class='ocr_line' id='line_1_12' title="bbox 452 1380 2133 1456; baseline 0.003 -19"><span class='ocrx_word' id='word_1_79' title='bbox 452 1400 574 1439; x_wconf 90' lang='lat' dir='ltr'><strong>rem</strong></span> <span class='ocrx_word' id='word_1_80' title='bbox 603 1382 931 1455; x_wconf 88' lang='lat' dir='ltr'><strong>quisquam,</strong></span> <span class='ocrx_word' id='word_1_81' title='bbox 962 1399 1138 1456; x_wconf 88' lang='lat' dir='ltr'><strong>quam</strong></span> <span class='ocrx_word' id='word_1_82' title='bbox 1168 1399 1334 1439; x_wconf 88' lang='lat' dir='ltr'><strong>mens</strong></span> <span class='ocrx_word' id='word_1_83' title='bbox 1361 1380 1616 1456; x_wconf 89' lang='lat' dir='ltr'><strong>providit</strong></span> <span class='ocrx_word' id='word_1_84' title='bbox 1643 1380 1786 1456; x_wconf 92' lang='lat' dir='ltr'><strong>quid</strong></span> <span class='ocrx_word' id='word_1_85' title='bbox 1813 1383 1950 1439; x_wconf 92' lang='lat' dir='ltr'><strong>velit</strong></span> <span class='ocrx_word' id='word_1_86' title='bbox 1977 1393 2133 1443; x_wconf 88' lang='lat' dir='ltr'><strong>ante.</strong></span> 
     </span>
     <span class='ocr_line' id='line_1_13' title="bbox 454 1470 2269 1548; baseline 0.001 -19"><span class='ocrx_word' id='word_1_87' title='bbox 454 1471 513 1530; x_wconf 91' lang='lat' dir='ltr'><strong>id</strong></span> <span class='ocrx_word' id='word_1_88' title='bbox 540 1471 705 1546; x_wconf 91' lang='lat' dir='ltr'><strong>quod</strong></span> <span class='ocrx_word' id='word_1_89' title='bbox 734 1470 1021 1548; x_wconf 82' lang='lat' dir='ltr'><strong>providet,</strong></span> <span class='ocrx_word' id='word_1_90' title='bbox 1052 1472 1198 1529; x_wconf 86' lang='lat' dir='ltr'><strong>illius</strong></span> <span class='ocrx_word' id='word_1_91' title='bbox 1225 1472 1307 1529; x_wconf 90' lang='lat' dir='ltr'><strong>rei</strong></span> <span class='ocrx_word' id='word_1_92' title='bbox 1337 1481 1567 1529; x_wconf 88' lang='lat' dir='ltr'><strong>constat</strong></span> <span class='ocrx_word' id='word_1_93' title='bbox 1595 1472 1806 1547; x_wconf 86' lang='lat' dir='ltr'><strong>imago.</strong></span> <span class='ocrx_word' id='word_1_94' title='bbox 2173 1480 2269 1547; x_wconf 85' lang='lat'><strong>885</strong></span> 
     </span>
     <span class='ocr_line' id='line_1_14' title="bbox 452 1562 2011 1637; baseline 0.001 -18"><span class='ocrx_word' id='word_1_95' title='bbox 452 1580 591 1637; x_wconf 87' lang='lat' dir='ltr'><strong>ergo</strong></span> <span class='ocrx_word' id='word_1_96' title='bbox 619 1563 847 1620; x_wconf 89' lang='lat' dir='ltr'><strong>animus</strong></span> <span class='ocrx_word' id='word_1_97' title='bbox 877 1580 1014 1619; x_wconf 89' lang='lat' dir='ltr'><strong>cum</strong></span> <span class='ocrx_word' id='word_1_98' title='bbox 1043 1578 1169 1619; x_wconf 91' lang='lat' dir='ltr'><strong>sese</strong></span> <span class='ocrx_word' id='word_1_99' title='bbox 1200 1562 1281 1619; x_wconf 88' lang='lat' dir='ltr'><strong>ita</strong></span> <span class='ocrx_word' id='word_1_100' title='bbox 1307 1572 1645 1620; x_wconf 89' lang='lat' dir='ltr'><strong>commovet</strong></span> <span class='ocrx_word' id='word_1_101' title='bbox 1672 1572 1737 1620; x_wconf 93' lang='lat' dir='ltr'><strong>ut</strong></span> <span class='ocrx_word' id='word_1_102' title='bbox 1764 1562 1902 1621; x_wconf 90' lang='lat' dir='ltr'><strong>velit</strong></span> <span class='ocrx_word' id='word_1_103' title='bbox 1929 1564 2011 1621; x_wconf 93' lang='lat' dir='ltr'><strong>ire</strong></span> 
     </span>
     <span class='ocr_line' id='line_1_15' title="bbox 452 1652 2030 1731; baseline 0 -20"><span class='ocrx_word' id='word_1_104' title='bbox 452 1654 629 1728; x_wconf 91' lang='lat' dir='ltr'><strong>inque</strong></span> <span class='ocrx_word' id='word_1_105' title='bbox 658 1652 843 1729; x_wconf 90' lang='lat' dir='ltr'><strong>gredi,</strong></span> <span class='ocrx_word' id='word_1_106' title='bbox 873 1653 1002 1731; x_wconf 76' lang='lat' dir='ltr'><strong>ferit</strong></span> <span class='ocrx_word' id='word_1_107' title='bbox 1030 1652 1326 1727; x_wconf 87' lang='lat' dir='ltr'><strong>extemplo</strong></span> <span class='ocrx_word' id='word_1_108' title='bbox 1355 1671 1508 1728; x_wconf 89' lang='lat' dir='ltr'><strong>quae</strong></span> <span class='ocrx_word' id='word_1_109' title='bbox 1537 1653 1598 1710; x_wconf 92' lang='lat' dir='ltr'><strong>in</strong></span> <span class='ocrx_word' id='word_1_110' title='bbox 1627 1671 1874 1728; x_wconf 86' lang='lat' dir='ltr'><strong>corpore</strong></span> <span class='ocrx_word' id='word_1_111' title='bbox 1904 1663 2030 1711; x_wconf 93' lang='lat' dir='ltr'><strong>toto</strong></span> 
     </span>
     <span class='ocr_line' id='line_1_16' title="bbox 452 1743 1947 1819; baseline 0.001 -18"><span class='ocrx_word' id='word_1_112' title='bbox 452 1762 557 1819; x_wconf 92' lang='lat' dir='ltr'><strong>per</strong></span> <span class='ocrx_word' id='word_1_113' title='bbox 584 1744 848 1801; x_wconf 86' lang='lat' dir='ltr'><strong>membra</strong></span> <span class='ocrx_word' id='word_1_114' title='bbox 874 1753 1048 1818; x_wconf 91' lang='lat' dir='ltr'><strong>atque</strong></span> <span class='ocrx_word' id='word_1_115' title='bbox 1078 1753 1233 1801; x_wconf 83' lang='lat' dir='ltr'><strong>artus</strong></span> <span class='ocrx_word' id='word_1_116' title='bbox 1260 1744 1474 1801; x_wconf 87' lang='lat' dir='ltr'><strong>animai</strong></span> <span class='ocrx_word' id='word_1_117' title='bbox 1504 1743 1701 1801; x_wconf 78' lang='lat' dir='ltr'><strong>dissita</strong></span> <span class='ocrx_word' id='word_1_118' title='bbox 1726 1744 1811 1801; x_wconf 90' lang='lat' dir='ltr'><strong>vis</strong></span> <span class='ocrx_word' id='word_1_119' title='bbox 1842 1754 1947 1802; x_wconf 90' lang='lat' dir='ltr'><strong>est.</strong></span> 
     </span>
     <span class='ocr_line' id='line_1_17' title="bbox 453 1834 1889 1909; baseline 0 -17"><span class='ocrx_word' id='word_1_120' title='bbox 453 1844 511 1892; x_wconf 91' lang='lat' dir='ltr'><strong>et</strong></span> <span class='ocrx_word' id='word_1_121' title='bbox 539 1835 761 1892; x_wconf 86' lang='lat' dir='ltr'><strong>facilest</strong></span> <span class='ocrx_word' id='word_1_122' title='bbox 790 1834 964 1906; x_wconf 89' lang='lat' dir='ltr'><strong>factu,</strong></span> <span class='ocrx_word' id='word_1_123' title='bbox 993 1834 1272 1909; x_wconf 90' lang='lat' dir='ltr'><strong>quoniam</strong></span> <span class='ocrx_word' id='word_1_124' title='bbox 1303 1834 1617 1893; x_wconf 86' lang='lat' dir='ltr'><strong>coniuncta</strong></span> <span class='ocrx_word' id='word_1_125' title='bbox 1645 1843 1889 1893; x_wconf 88' lang='lat' dir='ltr'><strong>tenetur.</strong></span> 
     </span>
     <span class='ocr_line' id='line_1_18' title="bbox 453 1924 2267 2000; baseline -0.001 -15"><span class='ocrx_word' id='word_1_126' title='bbox 453 1925 587 1985; x_wconf 91' lang='lat' dir='ltr'><strong>inde</strong></span> <span class='ocrx_word' id='word_1_127' title='bbox 619 1944 691 1983; x_wconf 91' lang='lat' dir='ltr'><strong>ea</strong></span> <span class='ocrx_word' id='word_1_128' title='bbox 717 1942 1001 1999; x_wconf 91' lang='lat' dir='ltr'><strong>proporro</strong></span> <span class='ocrx_word' id='word_1_129' title='bbox 1029 1942 1242 2000; x_wconf 88' lang='lat' dir='ltr'><strong>corpus</strong></span> <span class='ocrx_word' id='word_1_130' title='bbox 1272 1924 1418 1996; x_wconf 88' lang='lat' dir='ltr'><strong>ferit,</strong></span> <span class='ocrx_word' id='word_1_131' title='bbox 1451 1934 1626 2000; x_wconf 88' lang='lat' dir='ltr'><strong>atque</strong></span> <span class='ocrx_word' id='word_1_132' title='bbox 1658 1925 1737 1982; x_wconf 89' lang='lat' dir='ltr'><strong>ita</strong></span> <span class='ocrx_word' id='word_1_133' title='bbox 1765 1934 1890 1983; x_wconf 88' lang='lat' dir='ltr'><strong>tota</strong></span> <span class='ocrx_word' id='word_1_134' title='bbox 2169 1932 2267 1998; x_wconf 90' lang='lat'><strong>890</strong></span> 
     </span>
     <span class='ocr_line' id='line_1_19' title="bbox 453 2014 1843 2091; baseline -0.001 -17"><span class='ocrx_word' id='word_1_135' title='bbox 453 2016 729 2091; x_wconf 88' lang='lat' dir='ltr'><strong>paulatim</strong></span> <span class='ocrx_word' id='word_1_136' title='bbox 758 2016 942 2073; x_wconf 90' lang='lat' dir='ltr'><strong>moles</strong></span> <span class='ocrx_word' id='word_1_137' title='bbox 971 2014 1326 2090; x_wconf 89' lang='lat' dir='ltr'><strong>protruditur</strong></span> <span class='ocrx_word' id='word_1_138' title='bbox 1353 2025 1530 2090; x_wconf 88' lang='lat' dir='ltr'><strong>atque</strong></span> <span class='ocrx_word' id='word_1_139' title='bbox 1562 2025 1843 2073; x_wconf 90' lang='lat' dir='ltr'><strong>movetur.</strong></span> 
     </span>
     <span class='ocr_line' id='line_1_20' title="bbox 452 2106 1903 2189; baseline -0.001 -25"><span class='ocrx_word' id='word_1_140' title='bbox 452 2117 753 2182; x_wconf 90' lang='lat' dir='ltr'><strong>praeterea</strong></span> <span class='ocrx_word' id='word_1_141' title='bbox 779 2115 903 2164; x_wconf 90' lang='lat' dir='ltr'><strong>tum</strong></span> <span class='ocrx_word' id='word_1_142' title='bbox 929 2106 1164 2164; x_wconf 90' lang='lat' dir='ltr'><strong>rarescit</strong></span> <span class='ocrx_word' id='word_1_143' title='bbox 1190 2124 1430 2181; x_wconf 91' lang='lat' dir='ltr'><strong>quoque</strong></span> <span class='ocrx_word' id='word_1_144' title='bbox 1459 2124 1670 2189; x_wconf 73' lang='lat' dir='ltr'><strong>corpus</strong></span> <span class='ocrx_word' id='word_1_145' title='bbox 1701 2116 1759 2163; x_wconf 92' lang='lat' dir='ltr'><strong>et</strong></span> <span class='ocrx_word' id='word_1_146' title='bbox 1787 2110 1903 2177; x_wconf 70' lang='lat' dir='ltr'><strong>aer,</strong></span> 
     </span>
     <span class='ocr_line' id='line_1_21' title="bbox 453 2196 1827 2271; baseline -0.001 -15"><span class='ocrx_word' id='word_1_147' title='bbox 453 2198 674 2256; x_wconf 89' lang='lat' dir='ltr'><strong>scilicet</strong></span> <span class='ocrx_word' id='word_1_148' title='bbox 702 2207 766 2254; x_wconf 93' lang='lat' dir='ltr'><strong>ut</strong></span> <span class='ocrx_word' id='word_1_149' title='bbox 795 2196 975 2255; x_wconf 90' lang='lat' dir='ltr'><strong>debet</strong></span> <span class='ocrx_word' id='word_1_150' title='bbox 1003 2197 1102 2271; x_wconf 92' lang='lat' dir='ltr'><strong>qui</strong></span> <span class='ocrx_word' id='word_1_151' title='bbox 1132 2214 1365 2271; x_wconf 89' lang='lat' dir='ltr'><strong>semper</strong></span> <span class='ocrx_word' id='word_1_152' title='bbox 1394 2196 1624 2254; x_wconf 86' lang='lat' dir='ltr'><strong>mobilis</strong></span> <span class='ocrx_word' id='word_1_153' title='bbox 1653 2205 1827 2269; x_wconf 89' lang='lat' dir='ltr'><strong>extat,</strong></span> 
     </span>
     <span class='ocr_line' id='line_1_22' title="bbox 452 2286 2001 2364; baseline -0.001 -19"><span class='ocrx_word' id='word_1_154' title='bbox 452 2306 557 2363; x_wconf 92' lang='lat' dir='ltr'><strong>per</strong></span> <span class='ocrx_word' id='word_1_155' title='bbox 583 2288 875 2364; x_wconf 87' lang='lat' dir='ltr'><strong>patefacta</strong></span> <span class='ocrx_word' id='word_1_156' title='bbox 901 2288 1058 2345; x_wconf 90' lang='lat' dir='ltr'><strong>venit</strong></span> <span class='ocrx_word' id='word_1_157' title='bbox 1088 2296 1471 2362; x_wconf 86' lang='lat' dir='ltr'><strong>penetratque</strong></span> <span class='ocrx_word' id='word_1_158' title='bbox 1501 2287 1785 2345; x_wconf 88' lang='lat' dir='ltr'><strong>foramina</strong></span> <span class='ocrx_word' id='word_1_159' title='bbox 1812 2286 2001 2363; x_wconf 86' lang='lat' dir='ltr'><strong>largus</strong></span> 
     </span>
     <span class='ocr_line' id='line_1_23' title="bbox 453 2378 2265 2454; baseline -0.002 -17"><span class='ocrx_word' id='word_1_160' title='bbox 453 2389 511 2437; x_wconf 89' lang='lat' dir='ltr'><strong>et</strong></span> <span class='ocrx_word' id='word_1_161' title='bbox 538 2378 885 2454; x_wconf 86' lang='lat' dir='ltr'><strong>dispargitur</strong></span> <span class='ocrx_word' id='word_1_162' title='bbox 910 2379 988 2436; x_wconf 91' lang='lat' dir='ltr'><strong>ad</strong></span> <span class='ocrx_word' id='word_1_163' title='bbox 1017 2379 1192 2453; x_wconf 85' lang='lat' dir='ltr'><strong>partis</strong></span> <span class='ocrx_word' id='word_1_164' title='bbox 1222 2378 1300 2435; x_wconf 90' lang='lat' dir='ltr'><strong>ita</strong></span> <span class='ocrx_word' id='word_1_165' title='bbox 1329 2396 1592 2452; x_wconf 91' lang='lat' dir='ltr'><strong>quasque</strong></span> <span class='ocrx_word' id='word_1_166' title='bbox 1620 2378 1868 2435; x_wconf 87' lang='lat' dir='ltr'><strong>minutas</strong></span> <span class='ocrx_word' id='word_1_167' title='bbox 2170 2384 2265 2451; x_wconf 86' lang='lat'><strong>895</strong></span> 
     </span>
     <span class='ocr_line' id='line_1_24' title="bbox 452 2467 1943 2545; baseline 0 -19"><span class='ocrx_word' id='word_1_168' title='bbox 452 2470 730 2545; x_wconf 90' lang='lat' dir='ltr'><strong>corporis.</strong></span> <span class='ocrx_word' id='word_1_169' title='bbox 763 2469 857 2526; x_wconf 93' lang='lat' dir='ltr'><strong>hic</strong></span> <span class='ocrx_word' id='word_1_170' title='bbox 887 2470 1055 2544; x_wconf 89' lang='lat' dir='ltr'><strong>igitur</strong></span> <span class='ocrx_word' id='word_1_171' title='bbox 1082 2470 1253 2528; x_wconf 91' lang='lat' dir='ltr'><strong>rebus</strong></span> <span class='ocrx_word' id='word_1_172' title='bbox 1284 2469 1350 2526; x_wconf 92' lang='lat' dir='ltr'><strong>fit</strong></span> <span class='ocrx_word' id='word_1_173' title='bbox 1377 2469 1668 2543; x_wconf 91' lang='lat' dir='ltr'><strong>utrimque</strong></span> <span class='ocrx_word' id='word_1_174' title='bbox 1698 2467 1943 2541; x_wconf 73' lang='lat' dir='ltr'><strong>duabus·‚</strong></span> 
     </span>
     <span class='ocr_line' id='line_1_25' title="bbox 452 2559 1838 2636; baseline -0.001 -19"><span class='ocrx_word' id='word_1_175' title='bbox 452 2560 713 2636; x_wconf 89' lang='lat' dir='ltr'><strong>corporis</strong></span> <span class='ocrx_word' id='word_1_176' title='bbox 744 2569 806 2618; x_wconf 90' lang='lat' dir='ltr'><strong>ut</strong></span> <span class='ocrx_word' id='word_1_177' title='bbox 832 2578 903 2617; x_wconf 89' lang='lat' dir='ltr'><strong>ac</strong></span> <span class='ocrx_word' id='word_1_178' title='bbox 931 2560 1091 2617; x_wconf 87' lang='lat' dir='ltr'><strong>navis</strong></span> <span class='ocrx_word' id='word_1_179' title='bbox 1118 2560 1258 2617; x_wconf 91' lang='lat' dir='ltr'><strong>velis</strong></span> <span class='ocrx_word' id='word_1_180' title='bbox 1286 2569 1580 2633; x_wconf 91' lang='lat' dir='ltr'><strong>ventoque</strong></span> <span class='ocrx_word' id='word_1_181' title='bbox 1610 2559 1838 2616; x_wconf 88' lang='lat' dir='ltr'><strong>feratur.</strong></span> 
     </span>
     <span class='ocr_line' id='line_1_26' title="bbox 452 2652 1926 2721; baseline -0.002 -10"><span class='ocrx_word' id='word_1_182' title='bbox 452 2672 563 2711; x_wconf 90' lang='lat' dir='ltr'><strong>nec</strong></span> <span class='ocrx_word' id='word_1_183' title='bbox 592 2663 789 2721; x_wconf 85' lang='lat' dir='ltr'><strong>tamen</strong></span> <span class='ocrx_word' id='word_1_184' title='bbox 820 2652 958 2710; x_wconf 91' lang='lat' dir='ltr'><strong>illud</strong></span> <span class='ocrx_word' id='word_1_185' title='bbox 988 2653 1047 2709; x_wconf 92' lang='lat' dir='ltr'><strong>in</strong></span> <span class='ocrx_word' id='word_1_186' title='bbox 1078 2653 1165 2710; x_wconf 92' lang='lat' dir='ltr'><strong>his</strong></span> <span class='ocrx_word' id='word_1_187' title='bbox 1193 2653 1365 2710; x_wconf 89' lang='lat' dir='ltr'><strong>rebus</strong></span> <span class='ocrx_word' id='word_1_188' title='bbox 1394 2652 1653 2710; x_wconf 91' lang='lat' dir='ltr'><strong>mirabile</strong></span> <span class='ocrx_word' id='word_1_189' title='bbox 1681 2660 1926 2721; x_wconf 88' lang='lat' dir='ltr'><strong>constat,</strong></span> 
     </span>
     <span class='ocr_line' id='line_1_27' title="bbox 452 2741 2007 2818; baseline -0.003 -17"><span class='ocrx_word' id='word_1_190' title='bbox 452 2744 674 2801; x_wconf 87' lang='lat' dir='ltr'><strong>tantula</strong></span> <span class='ocrx_word' id='word_1_191' title='bbox 708 2742 870 2818; x_wconf 90' lang='lat' dir='ltr'><strong>quod</strong></span> <span class='ocrx_word' id='word_1_192' title='bbox 897 2752 1121 2800; x_wconf 86' lang='lat' dir='ltr'><strong>tanturn</strong></span> <span class='ocrx_word' id='word_1_193' title='bbox 1152 2761 1365 2817; x_wconf 89' lang='lat' dir='ltr'><strong>corpus</strong></span> <span class='ocrx_word' id='word_1_194' title='bbox 1397 2741 1740 2815; x_wconf 88' lang='lat' dir='ltr'><strong>corpuscula</strong></span> <span class='ocrx_word' id='word_1_195' title='bbox 1764 2750 2007 2815; x_wconf 90' lang='lat' dir='ltr'><strong>possunt</strong></span> 
     </span>
     <span class='ocr_line' id='line_1_28' title="bbox 452 2840 2262 2908; baseline -0.003 -17"><span class='ocrx_word' id='word_1_196' title='bbox 452 2844 841 2908; x_wconf 89' lang='lat' dir='ltr'><strong>contorquere</strong></span> <span class='ocrx_word' id='word_1_197' title='bbox 870 2843 929 2890; x_wconf 90' lang='lat' dir='ltr'><strong>et</strong></span> <span class='ocrx_word' id='word_1_198' title='bbox 957 2852 1105 2891; x_wconf 89' lang='lat' dir='ltr'><strong>onus</strong></span> <span class='ocrx_word' id='word_1_199' title='bbox 1134 2843 1320 2891; x_wconf 91' lang='lat' dir='ltr'><strong>totum</strong></span> <span class='ocrx_word' id='word_1_200' title='bbox 1353 2842 1688 2890; x_wconf 86' lang='lat' dir='ltr'><strong>convertere</strong></span> <span class='ocrx_word' id='word_1_201' title='bbox 1717 2840 1996 2888; x_wconf 89' lang='lat' dir='ltr'><strong>nostrum.</strong></span> <span class='ocrx_word' id='word_1_202' title='bbox 2161 2851 2262 2905; x_wconf 86' lang='lat'><strong>900</strong></span> 
     </span>
     <span class='ocr_line' id='line_1_29' title="bbox 452 2920 1861 3000; baseline -0.004 -18"><span class='ocrx_word' id='word_1_203' title='bbox 452 2925 671 3000; x_wconf 89' lang='lat' dir='ltr'><strong>quippe</strong></span> <span class='ocrx_word' id='word_1_204' title='bbox 700 2925 919 2982; x_wconf 90' lang='lat' dir='ltr'><strong>etenim</strong></span> <span class='ocrx_word' id='word_1_205' title='bbox 945 2935 1153 2982; x_wconf 91' lang='lat' dir='ltr'><strong>ventus</strong></span> <span class='ocrx_word' id='word_1_206' title='bbox 1182 2926 1375 2998; x_wconf 87' lang='lat' dir='ltr'><strong>suptili</strong></span> <span class='ocrx_word' id='word_1_207' title='bbox 1404 2940 1647 2997; x_wconf 91' lang='lat' dir='ltr'><strong>corpore</strong></span> <span class='ocrx_word' id='word_1_208' title='bbox 1675 2920 1861 2978; x_wconf 89' lang='lat' dir='ltr'><strong>tenvis</strong></span> 
     </span>
     <span class='ocr_line' id='line_1_30' title="bbox 453 3012 1948 3090; baseline -0.004 -17"><span class='ocrx_word' id='word_1_209' title='bbox 453 3015 631 3073; x_wconf 89' lang='lat' dir='ltr'><strong>trudit</strong></span> <span class='ocrx_word' id='word_1_210' title='bbox 657 3032 836 3090; x_wconf 87' lang='lat' dir='ltr'><strong>agens</strong></span> <span class='ocrx_word' id='word_1_211' title='bbox 866 3033 1135 3089; x_wconf 88' lang='lat' dir='ltr'><strong>magnam</strong></span> <span class='ocrx_word' id='word_1_212' title='bbox 1167 3033 1381 3089; x_wconf 88' lang='lat' dir='ltr'><strong>magno</strong></span> <span class='ocrx_word' id='word_1_213' title='bbox 1410 3012 1708 3071; x_wconf 90' lang='lat' dir='ltr'><strong>molimine</strong></span> <span class='ocrx_word' id='word_1_214' title='bbox 1735 3028 1948 3068; x_wconf 90' lang='lat' dir='ltr'><strong>navem</strong></span> 
     </span>
     <span class='ocr_line' id='line_1_31' title="bbox 454 3105 1915 3180; baseline -0.003 -18"><span class='ocrx_word' id='word_1_215' title='bbox 454 3116 512 3162; x_wconf 90' lang='lat' dir='ltr'><strong>et</strong></span> <span class='ocrx_word' id='word_1_216' title='bbox 538 3124 745 3163; x_wconf 88' lang='lat' dir='ltr'><strong>manus</strong></span> <span class='ocrx_word' id='word_1_217' title='bbox 775 3124 892 3164; x_wconf 89' lang='lat' dir='ltr'><strong>una</strong></span> <span class='ocrx_word' id='word_1_218' title='bbox 919 3106 1061 3180; x_wconf 89' lang='lat' dir='ltr'><strong>regit</strong></span> <span class='ocrx_word' id='word_1_219' title='bbox 1090 3106 1395 3179; x_wconf 87' lang='lat' dir='ltr'><strong>quantovis</strong></span> <span class='ocrx_word' id='word_1_220' title='bbox 1429 3105 1645 3178; x_wconf 89' lang='lat' dir='ltr'><strong>impete</strong></span> <span class='ocrx_word' id='word_1_221' title='bbox 1675 3110 1915 3160; x_wconf 90' lang='lat' dir='ltr'><strong>euntem</strong></span> 
     </span>
     <span class='ocr_line' id='line_1_32' title="bbox 454 3194 1966 3271; baseline -0.003 -18"><span class='ocrx_word' id='word_1_222' title='bbox 454 3205 626 3271; x_wconf 88' lang='lat' dir='ltr'><strong>atque</strong></span> <span class='ocrx_word' id='word_1_223' title='bbox 654 3196 1072 3271; x_wconf 90' lang='lat' dir='ltr'><strong>gubernaclum</strong></span> <span class='ocrx_word' id='word_1_224' title='bbox 1101 3205 1447 3269; x_wconf 88' lang='lat' dir='ltr'><strong>contorquet</strong></span> <span class='ocrx_word' id='word_1_225' title='bbox 1475 3194 1737 3268; x_wconf 89' lang='lat' dir='ltr'><strong>quolibet</strong></span> <span class='ocrx_word' id='word_1_226' title='bbox 1765 3210 1966 3264; x_wconf 86' lang='lat' dir='ltr'><strong>unum,</strong></span> 
     </span>
     <span class='ocr_line' id='line_1_33' title="bbox 456 3283 2254 3362; baseline -0.003 -18"><span class='ocrx_word' id='word_1_227' title='bbox 456 3287 747 3362; x_wconf 89' lang='lat' dir='ltr'><strong>multaque</strong></span> <span class='ocrx_word' id='word_1_228' title='bbox 775 3304 883 3362; x_wconf 92' lang='lat' dir='ltr'><strong>per</strong></span> <span class='ocrx_word' id='word_1_229' title='bbox 907 3287 1155 3345; x_wconf 89' lang='lat' dir='ltr'><strong>trocleas</strong></span> <span class='ocrx_word' id='word_1_230' title='bbox 1182 3295 1241 3343; x_wconf 90' lang='lat' dir='ltr'><strong>et</strong></span> <span class='ocrx_word' id='word_1_231' title='bbox 1269 3296 1546 3361; x_wconf 89' lang='lat' dir='ltr'><strong>tympana</strong></span> <span class='ocrx_word' id='word_1_232' title='bbox 1571 3283 1838 3358; x_wconf 86' lang='lat' dir='ltr'><strong>pondere</strong></span> <span class='ocrx_word' id='word_1_233' title='bbox 1867 3300 2084 3358; x_wconf 88' lang='lat' dir='ltr'><strong>magno</strong></span> <span class='ocrx_word' id='word_1_234' title='bbox 2157 3305 2254 3357; x_wconf 82' lang='lat'><strong>905</strong></span> 
     </span>
    </p>

    <p class='ocr_par' dir='ltr' id='par_1_4' title="bbox 408 3374 1870 3475">
     <span class='ocr_line' id='line_1_34' title="bbox 408 3374 1870 3475; baseline 0 -42"><span class='ocrx_word' id='word_1_235' title='bbox 408 3386 785 3475; x_wconf 52' lang='lat' dir='ltr'><strong>(commovet</strong></span> <span class='ocrx_word' id='word_1_236' title='bbox 811 3385 988 3452; x_wconf 90' lang='lat' dir='ltr'><strong>atque</strong></span> <span class='ocrx_word' id='word_1_237' title='bbox 1016 3376 1125 3434; x_wconf 91' lang='lat' dir='ltr'><strong>levi</strong></span> <span class='ocrx_word' id='word_1_238' title='bbox 1153 3376 1395 3434; x_wconf 88' lang='lat' dir='ltr'><strong>sustollit</strong></span> <span class='ocrx_word' id='word_1_239' title='bbox 1424 3374 1695 3432; x_wconf 89' lang='lat' dir='ltr'><strong>machina</strong></span> <span class='ocrx_word' id='word_1_240' title='bbox 1722 3379 1870 3433; x_wconf 88' lang='lat' dir='ltr'><strong>nisu.</strong></span> 
     </span>
    </p>

    <p class='ocr_par' dir='ltr' id='par_1_5' title="bbox 532 3465 2263 3543">
     <span class='ocr_line' id='line_1_35' title="bbox 532 3465 2263 3543; baseline -0.001 -18"><span class='ocrx_word' id='word_1_241' title='bbox 532 3466 710 3526; x_wconf 90' lang='lat' dir='ltr'><strong>Nunc</strong></span> <span class='ocrx_word' id='word_1_242' title='bbox 736 3467 949 3543; x_wconf 91' lang='lat' dir='ltr'><strong>quibus</strong></span> <span class='ocrx_word' id='word_1_243' title='bbox 975 3466 1069 3525; x_wconf 91' lang='lat' dir='ltr'><strong>ille</strong></span> <span class='ocrx_word' id='word_1_244' title='bbox 1096 3465 1287 3525; x_wconf 91' lang='lat' dir='ltr'><strong>modis</strong></span> <span class='ocrx_word' id='word_1_245' title='bbox 1316 3484 1555 3523; x_wconf 90' lang='lat' dir='ltr'><strong>somnus</strong></span> <span class='ocrx_word' id='word_1_246' title='bbox 1582 3483 1688 3541; x_wconf 89' lang='lat' dir='ltr'><strong>per</strong></span> <span class='ocrx_word' id='word_1_247' title='bbox 1710 3465 1972 3524; x_wconf 85' lang='lat' dir='ltr'><strong>membra</strong></span> <span class='ocrx_word' id='word_1_248' title='bbox 2003 3468 2263 3543; x_wconf 92' lang='lat' dir='ltr'><strong>quietem</strong></span> 
     </span>
    </p>

    <p class='ocr_par' dir='ltr' id='par_1_6' title="bbox 454 3554 1820 3635">
     <span class='ocr_line' id='line_1_36' title="bbox 454 3554 1820 3635; baseline -0.002 -22"><span class='ocrx_word' id='word_1_249' title='bbox 454 3554 656 3632; x_wconf 84' lang='lat' dir='ltr'><strong>inriget</strong></span> <span class='ocrx_word' id='word_1_250' title='bbox 681 3570 860 3635; x_wconf 78' lang='lat' dir='ltr'><strong>atque</strong></span> <span class='ocrx_word' id='word_1_251' title='bbox 887 3558 1061 3615; x_wconf 86' lang='lat' dir='ltr'><strong>animi</strong></span> <span class='ocrx_word' id='word_1_252' title='bbox 1090 3576 1257 3617; x_wconf 88' lang='lat' dir='ltr'><strong>curas</strong></span> <span class='ocrx_word' id='word_1_253' title='bbox 1285 3574 1320 3615; x_wconf 91' lang='lat' dir='ltr'><strong>e</strong></span> <span class='ocrx_word' id='word_1_254' title='bbox 1346 3566 1587 3630; x_wconf 86' lang='lat' dir='ltr'><strong>pectore</strong></span> <span class='ocrx_word' id='word_1_255' title='bbox 1617 3556 1820 3623; x_wconf 86' lang='lat' dir='ltr'><strong>solvat,</strong></span> 
     </span>
    </p>
   </div>
  </div>
 </body>
</html>
