2784 3992
467 324 603 397 1v.]
854 383 859 387 ,
946 322 1055 379 DE
1108 322 1398 381 RERUM
1455 321 1802 383 NATURA

462 505 695 562 semper
721 486 877 546 enim
909 497 1104 563 partus
1134 486 1353 563 duplici
1381 486 1460 546 de
1489 488 1712 546 semine
1740 498 1987 562 constat,

462 588 637 652 atque
667 578 775 635 utri
806 577 1045 635 similest
1074 578 1256 653 magis
1285 578 1345 636 id
1376 577 1799 653 quodcumque
1829 590 2075 653 creatur,

463 669 585 726 eius
613 670 789 725 habet
818 668 947 743 plus
974 678 1139 744 parte
1168 686 1357 743 aequa
1378 690 1395 741 3
1442 669 1602 743 quod
1633 688 1873 728 cernere
1903 671 2111 747 possiS‚

349 805 359 813 .
462 760 579 816 sive
608 760 792 816 virum
824 758 1056 816 suboles
1085 759 1259 817 sivest
1288 760 1585 818 muliebris
1615 762 1796 837 origo.

542 851 673 908 Nec
702 848 897 907 divina
924 859 1110 907 satum
1140 850 1452 925 genitalem
1480 852 1721 909 numina
1749 852 2020 926 cuiquam

460 941 798 1010 absterrent,
829 950 993 1015 pater
1020 958 1055 997 a
1082 941 1271 1016 gnatis
1300 959 1375 998 ne
1405 940 1673 1001 dulcibus
1702 962 1985 1017 umquam

459 1031 782 1107 appelletur
809 1041 867 1089 et
895 1041 958 1089 ut
986 1030 1159 1089 sterili
1189 1031 1422 1090 Venere
1453 1033 1644 1108 exigat
1665 1051 1872 1092 aevom
1895 1055 1912 1106 ;

461 1122 623 1198 quod
651 1122 999 1197 plerumque
1032 1132 1241 1197 putant
1271 1132 1331 1180 et
1358 1123 1544 1181 multo
1574 1125 1854 1199 sanguine
1885 1125 2091 1183 maesti

461 1222 857 1288 conspergunt
886 1231 1010 1270 aras
1040 1212 1402 1288 adolentque
1436 1214 1634 1271 altaria
1662 1213 1851 1287 donis,

459 1313 523 1361 ut
551 1302 815 1379 gravidas
842 1302 1093 1362 reddant
1122 1322 1331 1363 uxores
1361 1304 1584 1362 semine
1614 1306 1790 1380 largo,

460 1395 819 1469 nequiquam
846 1393 1045 1451 divom
1077 1412 1300 1452 numen
1325 1395 1614 1475 sortisque
1643 1396 1899 1471 fatigant.

462 1503 594 1543 nam
627 1485 848 1543 steriles
877 1485 1120 1542 nimium
1151 1503 1345 1543 crasso
1375 1495 1511 1543 sunt
1541 1486 1761 1543 semine
1792 1488 2001 1561 partim

461 1585 519 1633 et
547 1575 771 1650 liquido
801 1584 1030 1649 praeter
1058 1576 1274 1633 iustum
1302 1576 1582 1650 tenuique
1612 1576 1883 1635 vicissim.

458 1676 630 1724 tenve
660 1665 804 1724 locis
834 1666 972 1739 quia
1001 1684 1119 1724 non
1150 1667 1303 1741 potis
1333 1676 1422 1724 est
1449 1665 1704 1741 adfigere
1735 1666 2076 1738 adhaesum,

459 1758 693 1831 liquitur
723 1757 1019 1831 extemplo
1048 1767 1107 1815 et
1136 1767 1476 1815 revocatum
1508 1757 1668 1815 cedit
1697 1758 1924 1816 abortu.

461 1850 707 1907 crassius
739 1848 827 1906 his
856 1866 1031 1923 porro
1062 1849 1340 1922 quoniam
1371 1849 1702 1906 concretius
1731 1866 1922 1922 aequo

462 1940 717 2009 mittitur,
752 1948 852 1996 aut
881 1957 1000 1997 non
1032 1948 1149 1996 tam
1184 1939 1410 2014 prolixo
1439 1939 1706 2014 provolat
1736 1940 1853 1996 ictu

461 2041 557 2088 aut
584 2040 890 2106 penetrare
920 2030 1083 2088 locos
1113 2047 1300 2103 aeque
1330 2030 1533 2105 nequit
1561 2040 1660 2087 aut
1689 2040 2059 2105 penetratum
2097 2086 2104 2091 .

462 2139 631 2195 aegre
662 2120 1017 2178 admiscetur
1046 2120 1308 2177 muliebri
1340 2121 1562 2177 semine
1595 2139 1814 2180 semen.

463 2230 596 2269 nam
628 2211 872 2268 multum
904 2211 1240 2268 harmoniae
1271 2211 1514 2268 Veneris
1545 2211 1774 2269 differre
1806 2212 2090 2269 videntur.

462 2313 637 2376 atque
668 2302 806 2359 alias
838 2302 930 2359 alii
959 2300 1259 2376 complent
1289 2302 1471 2376 magis
1501 2319 1574 2359 ex
1601 2302 1842 2376 aliisque

465 2392 794 2467 succipiunt
823 2392 968 2449 aliae
997 2391 1232 2466 pondus
1262 2392 1444 2467 magis
1474 2392 1651 2467 inque
1681 2396 2044 2467 gravescunt.

468 2492 525 2540 et
552 2483 769 2540 multae
800 2482 1018 2540 steriles
1050 2483 1413 2557 Hymenaeis
1444 2492 1579 2540 ante
1610 2484 1839 2540 suerunt

462 2572 720 2648 pluribus
750 2582 807 2630 et
837 2582 1042 2629 nactae
1071 2582 1204 2647 post
1233 2582 1366 2630 sunt
1395 2582 1593 2630 tamen
1622 2572 1781 2630 unde
1813 2573 2036 2647 puellos

464 2664 759 2738 suscipere
790 2672 849 2720 et
878 2672 1045 2737 partu
1074 2671 1317 2739 possent
1348 2662 1632 2721 ditescere
1662 2663 1835 2720 dulci.

463 2764 522 2812 et
550 2754 762 2829 quibus
790 2764 923 2811 ante
954 2753 1116 2811 domi
1147 2752 1436 2811 fecundae
1468 2772 1643 2828 saepe
1675 2754 2016 2827 nequissent

462 2863 674 2903 uxores
702 2862 924 2920 parere,
954 2844 1242 2902 inventast
1271 2845 1377 2902 illis
1407 2863 1645 2919 quoque
1674 2862 1916 2919 compar

462 2946 684 3005 natura,
715 2944 778 2992 ut
806 2943 1047 3009 possent
1074 2935 1259 3009 gnatis
1289 2936 1512 2993 munire
1545 2944 1864 2992 senectam.

462 3043 652 3100 usque
683 3025 836 3083 adeo
868 3026 1059 3099 magni
1091 3026 1278 3095 refert,
1311 3035 1373 3083 ut
1403 3026 1625 3083 semina
1653 3025 1878 3100 possint

462 3116 786 3175 seminibus
815 3116 1181 3173 commisceri
1213 3116 1538 3189 genitaliter
1565 3127 1717 3190 apta,

460 3224 733 3265 crassane
763 3206 1114 3264 conveniant
1142 3204 1373 3279 liquidis
1405 3215 1462 3262 et
1490 3205 1708 3279 liquida
1736 3206 1956 3264 crassis,

456 3307 640 3371 atque
672 3298 731 3354 in
760 3314 834 3354 eo
864 3296 1035 3354 refert
1065 3314 1184 3371 quo
1213 3296 1365 3353 victu
1398 3296 1514 3352 vita
1543 3296 1765 3353 colatur
1785 3316 1802 3367 3

454 3380 875 3462 namque'aliis
903 3386 1075 3445 rebus
1105 3396 1492 3444 concrescunt
1521 3387 1745 3443 semina
1771 3385 2046 3446 membris

454 3488 643 3555 atque
672 3479 795 3536 aliis
826 3487 1210 3535 extenvantur
1238 3477 1555 3550 tabentque
1585 3476 1854 3534 vicissim.

452 3578 524 3630 et
552 3569 768 3645 quibus
798 3570 925 3644 ipsa
952 3568 1143 3626 modis
1173 3578 1446 3625 tractetur
1475 3566 1688 3625 blanda
1715 3567 1998 3641 voluptaS,

2157 330 2272 402 135

2153 610 2171 637 1
2184 602 2280 653 230

2155 1056 2174 1089 1
2187 1051 2276 1105 235

2155 1508 2174 1541 1
2185 1506 2280 1555 ²40

2160 1957 2279 2010 124⁵

2157 2410 2278 2462 1250

2160 2862 2278 2915 1255

2158 3299 2281 3349 1260
