2784 3992
553 292 667 353 182
1215 306 1676 361 LUCRETIUS
1701 324 1730 353 ·.
2216 306 2351 377 [VI.

544 475 854 541 propterea
878 466 1016 541 quia
1044 477 1400 525 concurrunt
1429 467 1674 526 sublime
1703 467 1963 525 volantes

542 557 831 615 aetheriae
860 558 1045 616 nubes
1074 566 1280 616 contra
1304 558 1687 633 pugnantibu’
1715 558 1918 616 ventis,

542 666 654 705 nec
684 648 746 705 fit
774 652 931 705 enim
959 649 1181 706 sonitus
1209 648 1358 706 caeli
1386 647 1464 706 de
1494 657 1655 724 parte
1684 666 1906 719 serena,

541 756 740 795 verum
770 739 1126 813 ubicumque
1158 740 1339 815 magis
1368 737 1558 797 denso
1587 749 1720 797 sunt
1747 738 1981 813 agmine
2009 738 2215 809 nubeS,
2261 760 2348 795 100

542 839 658 886 tam
689 830 872 904 magis
900 828 1036 886 hinc
1064 848 1279 904 magno
1308 829 1568 887 fremitus
1597 830 1662 887 fit
1689 847 1981 887 murmure
2011 847 2207 904 saepe.

542 929 840 993 praeterea
866 938 1057 994 neque
1086 929 1206 977 tam
1235 918 1544 977 condenso
1571 937 1820 995 corpore
1850 920 2036 977 nubes

541 1028 668 1067 esse
697 1020 921 1085 queunt
949 1028 1123 1085 quam
1154 1019 1288 1068 sunt
1314 1009 1540 1084 lapides
1567 1028 1638 1067 ac
1667 1010 1844 1085 tigna,
1873 1028 2068 1084 neque
2098 1021 2298 1067 autern

540 1110 658 1175 tam
688 1110 894 1158 tenues
922 1119 1098 1175 quam
1128 1109 1262 1159 sunt
1290 1100 1540 1159 nebulae
1569 1100 1831 1176 fumique
1857 1100 2120 1159 volantes
2143 1122 2160 1173 3

540 1209 678 1249 nam
707 1191 919 1249 cadere
948 1201 1048 1249 aut
1073 1192 1245 1250 bruto
1277 1190 1561 1250 deberent
1588 1191 1855 1272 pondere
1886 1209 2118 1267 pressae
2259 1210 2345 1263 105

539 1291 603 1340 ut
629 1281 870 1357 lapideS,
900 1291 1000 1340 aut
1028 1291 1092 1340 ut
1119 1282 1313 1341 fumus
1341 1291 1610 1340 constare
1639 1282 1949 1357 nequirent

538 1390 652 1430 nec
681 1372 954 1431 cohibere
985 1374 1144 1431 nives
1170 1372 1391 1450 gelidas
1421 1382 1480 1431 et
1507 1372 1804 1448 grandinis
1833 1373 2048 1432 imbris.

540 1462 682 1521 dant
710 1464 883 1521 etiam
912 1464 1167 1521 sonitum
1194 1463 1376 1538 patuli
1403 1482 1577 1539 super
1602 1481 1858 1537 aequora
1885 1462 2108 1535 mundi,

540 1554 810 1612 carbasus
838 1565 901 1611 ut
931 1552 1233 1635 quondam
1264 1554 1488 1630 magnis
1516 1554 1734 1611 intenta
1765 1553 2000 1611 theatris

541 1643 641 1703 dat
669 1645 954 1720 crepitum
983 1644 1167 1703 malos
1196 1646 1345 1703 inter
1373 1645 1584 1702 iactata
1612 1645 1922 1718 trabesque
1944 1664 1962 1716 3
2257 1666 2347 1701 110

540 1734 829 1792 interdum
861 1735 1144 1809 perscissa
1171 1735 1302 1793 furit
1329 1734 1722 1809 petulantibus
1749 1734 1900 1792 auris
1954 1729 1959 1734 ’

539 1836 598 1883 et
626 1826 833 1901 fragilis
863 1826 1083 1883 sonitus
1112 1826 1439 1883 chartarum
1470 1824 1920 1883 commeditatur
1943 1846 1955 1882 ε

538 1915 599 1973 id
629 1934 867 1991 quoque
897 1917 1053 1974 enim
1082 1934 1265 1991 genus
1294 1917 1352 1973 in
1382 1916 1601 1974 tonitru
1632 1934 1993 1991 cognoscere
2023 1915 2214 1990 possis
2239 1938 2250 1973 :

535 2015 636 2063 aut
661 2007 761 2064 ubi
790 2025 1131 2081 suspensam
1162 2016 1385 2064 vestem
1417 2008 1713 2064 chartasve
1742 2006 1988 2064 volantis

534 2097 869 2156 verberibus
896 2097 1053 2155 venti
1083 2107 1308 2154 versant
1336 2097 1734 2172 planguntque
1763 2115 1870 2172 per
1897 2115 2085 2154 auras,
2258 2115 2341 2166 115

537 2187 601 2243 fit
629 2205 865 2262 quoque
901 2188 1055 2245 enim
1085 2186 1376 2245 interdum
1405 2197 1470 2245 ut
1496 2206 1615 2246 non
1646 2198 1766 2245 tam
1794 2204 2140 2246 concurrere
2162 2188 2346 2245 nubes

535 2278 817 2336 frontibus
845 2278 1101 2336 adversis
1128 2278 1354 2352 possint
1383 2296 1562 2352 quam
1591 2277 1666 2335 de
1699 2279 1876 2336 latere
1905 2277 1985 2336 ire

536 2367 766 2427 diverso
794 2378 957 2427 motu
986 2367 1258 2426 radentes
1286 2386 1536 2444 corpora
1563 2369 1811 2440 tractim,

535 2458 728 2517 aridus
755 2458 913 2517 unde
943 2459 1094 2517 auris
1121 2467 1306 2534 terget
1332 2477 1510 2517 sonus
1538 2459 1630 2516 ille
1660 2457 1879 2534 diuque

536 2548 784 2622 ducitur,
815 2551 1078 2608 exierunt
1105 2549 1301 2608 donec
1330 2549 1662 2624 regionibus
1691 2550 1844 2607 artis,
2255 2568 2343 2605 120

618 2642 759 2698 Hoc
789 2641 963 2699 etiam
992 2652 1169 2715 pacto
1197 2641 1413 2698 tonitru
1444 2657 1733 2698 concussa
1757 2637 2028 2698 videntur

536 2732 734 2789 omnia
760 2750 933 2806 saepe
964 2732 1120 2806 gravi
1149 2740 1395 2789 tremere
1425 2739 1484 2788 et
1512 2729 1736 2789 divolsa
1761 2740 2004 2805 repente

535 2822 789 2879 maxima
816 2821 1125 2879 dissiluisse
1155 2821 1388 2895 capacis
1419 2821 1650 2878 moenia
1680 2819 1906 2895 mundi,

535 2931 673 2970 cum
702 2912 893 2969 subito
922 2911 1096 2969 validi
1123 2912 1280 2970 venti
1310 2911 1578 2969 conlecta
1606 2911 1865 2987 procella

535 3003 788 3061 nubibus
816 3000 1038 3059 intorsit
1068 3020 1195 3060 sese
1224 2999 1621 3076 conclusaque
1649 3000 1870 3079 ibidem
2252 3017 2340 3071 125

534 3093 763 3150 turbine
792 3093 1041 3150 versanti
1070 3094 1251 3167 magis
1280 3111 1349 3149 ac
1379 3092 1562 3167 magis
1590 3090 1854 3166 undique
1882 3091 2103 3150 nubem

536 3183 695 3257 cogit
721 3184 804 3241 uti
831 3184 930 3239 fiat
958 3183 1144 3258 spisso
1174 3202 1317 3239 cava
1344 3200 1590 3257 corpore
1621 3183 1862 3253 circum,

536 3281 671 3348 post
697 3273 795 3331 ubi
826 3273 1173 3330 comminuit
1198 3273 1281 3330 vis
1312 3273 1435 3329 eius
1464 3282 1522 3329 et
1549 3272 1804 3346 impetus
1831 3288 1986 3345 acer,

535 3372 661 3420 tum
689 3363 1107 3437 perterricrepo
1136 3363 1329 3420 sonitu
1357 3362 1459 3420 dat
1487 3362 1666 3420 scissa
1693 3350 2000 3436 fragorem.

535 3470 649 3510 nec
677 3453 905 3523 mirum,
934 3471 1071 3509 cum
1099 3452 1275 3527 plena
1301 3452 1531 3509 animae
1559 3452 1857 3509 vensicula
1882 3469 2062 3526 parva
2252 3469 2347 3522 130

536 3558 712 3617 saepe
742 3542 822 3599 ita
849 3541 949 3599 dat
978 3552 1202 3599 torvum
1234 3543 1489 3600 sonitum
1518 3540 1775 3617 displosa
1801 3551 2065 3618 repente.
