2784 3992
533 338 678 409 ῙῙῙ.]
1020 338 1130 391 DE
1182 338 1474 391 RERUM
1528 336 1872 391 NATURA
2016 378 2022 385 .
2257 340 2336 406 95

526 509 703 576 atque
732 500 909 559 etiam
936 500 1149 574 potiuS,
1179 499 1228 557 si
1256 516 1580 574 numquam
1609 498 1686 557 sis
1714 499 2063 573 morituruS,'

526 590 670 665 quid
696 590 1140 667 respondemUS,
1173 590 1281 647 nisi
1309 590 1521 648 iustam
1551 588 1855 647 intendere
1885 590 2047 650 litem
2241 608 2341 664 950

524 692 785 740 naturam
814 692 874 740 et
900 700 1094 740 veram
1121 680 1309 738 verbis
1338 697 1634 755 exponere
1663 698 1899 738 causam
1914 682 1943 739 Ρ

524 772 797 847 grandior
824 772 921 830 hic
949 790 1088 829 vero
1118 772 1166 829 si
1194 772 1309 828 iam
1337 771 1648 846 seniorque
1679 781 1952 846 queratur
2041 788 2046 791 ·

522 873 699 938 atque
728 864 959 947 obitumx
980 859 1328 920 l'amentetur
1356 862 1532 919 miser
1561 862 1808 937 amplius
1837 880 2047 938 aequ0,

522 972 643 1011 non
671 954 878 1012 merito
905 953 1182 1012 inclamet
1210 953 1393 1027 magis
1423 962 1482 1011 et
1509 970 1658 1011 voce
1687 954 1951 1029 increpet
1978 954 2097 1011 acri
2111 955 2140 1012 ?

523 1047 539 1074 ‘
553 1045 713 1102 aufer
726 1044 941 1103 abhinc
952 1044 1237 1115 lacrimaS,
1255 1043 1496 1115 balatro,
1511 1053 1570 1101 et
1589 1061 1904 1119 compesce
1918 1045 2218 1120 querellas.
2235 1065 2325 1119 955

522 1135 718 1193 omnia
744 1136 1083 1211 perfunctus
1109 1134 1246 1192 vitai
1272 1135 1534 1210 praemia
1561 1152 1801 1193 marces.

519 1226 625 1285 sed
652 1226 790 1302 quia
816 1243 1049 1301 semper
1075 1242 1212 1283 aves
1242 1224 1413 1300 quod·
1435 1226 1617 1297 abest,
1647 1226 1976 1301 praesentia
2001 1227 2228 1299 temnis,

518 1317 839 1393 inperfecta
864 1317 968 1375 tibi
995 1317 1244 1391 elapsast
1270 1317 1607 1392 ingrataque
1637 1317 1755 1374 vita

518 1417 576 1466 et
602 1426 715 1467 nec
743 1408 1009 1484 opinanti
1036 1425 1194 1465 mors
1221 1405 1298 1464 ad
1326 1416 1506 1482 caput
1534 1406 1754 1465 adstitit
1780 1416 1916 1465 ante

518 1517 695 1574 quam
724 1509 881 1557 satur
908 1516 978 1555 ac
1007 1498 1215 1574 plenus
1243 1498 1433 1572 possis
1466 1496 1772 1555 discedere
1801 1516 2012 1557 rerum.
2229 1508 2323 1571 960

515 1607 672 1647 nunc
700 1589 891 1647 aliena
916 1598 1016 1647 tua
1044 1599 1244 1646 tamen
1272 1596 1462 1647 aetate
1491 1589 1692 1646 omnia
1717 1589 1882 1647 mitte

514 1698 706 1755 aequo
735 1680 1050 1755 animoque
1081 1678 1335 1754 agedum
1364 1696 1611 1755 magnus
1633 1678 1900 1737 concede
1924 1701 1936 1737 ι
1971 1681 2300 1740 necessest.’

515 1771 653 1843 iure,
683 1779 748 1828 ut
774 1771 1002 1847 opinor,
1032 1778 1183 1845 agat,
1215 1770 1335 1828 iure
1366 1771 1632 1845 increpet
1660 1770 1974 1845 inciletque
1996 1791 2014 1843 3

513 1860 671 1920 cedit
698 1862 859 1919 enim
886 1880 1079 1920 rerum
1106 1861 1365 1919 novitate
1394 1869 1625 1919 extrusa
1652 1870 1906 1920 vetustas

513 1970 761 2030 semper,
792 1962 853 2011 et
879 1970 955 2010 ex
980 1952 1103 2010 aliis
1131 1950 1289 2009 aliud
1315 1969 1582 2027 reparare
1611 1961 1906 2011 necessest
1926 1973 1944 2025 3
2225 1961 2316 2026 965

512 2061 623 2101 nec
652 2044 963 2119 quisquam
990 2043 1052 2101 in
1078 2042 1417 2101 barathrum
1447 2061 1559 2099 nec
1587 2044 1828 2101 Tartara
1855 2041 2091 2102 deditur
2115 2053 2271 2103 atra:

511 2134 779 2193 materies
808 2152 957 2210 opus
986 2142 1075 2192 est
1102 2142 1167 2191 ut
1195 2141 1460 2191 crescant
1487 2143 1721 2208 postera
1747 2134 1976 2207 saecla;

511 2242 661 2301 quae
691 2234 891 2283 tamen
920 2225 1121 2283 omnia
1148 2234 1206 2282 te
1235 2224 1350 2282 vita
1378 2225 1685 2299 perfuncta
1712 2235 2065 2299 sequentur3

510 2335 620 2375 nec
648 2317 843 2375 minus
871 2334 1011 2392 ergo
1033 2326 1169 2374 ante
1199 2316 1346 2374 haec
1364 2334 1541 2392 quam
1571 2324 1632 2373 tu
1655 2315 1945 2388 cecidere,
1969 2315 2320 2391 cadentque.

509 2409 592 2467 sic
618 2406 739 2467 alid
766 2426 842 2465 ex
868 2407 983 2466 alio
1011 2425 1338 2482 numquam
1366 2406 1610 2465 desistet
1638 2406 1772 2464 oriri
2223 2428 2322 2480 970

507 2498 741 2573 vitaque
771 2498 1069 2573 mancipio
1097 2497 1238 2556 nulli
1267 2497 1456 2569 datur,
1487 2497 1758 2555 omnibus
1787 2516 1913 2556 usu.

508 2589 735 2665 respice
764 2589 907 2647 item
936 2607 1113 2664 quam
1142 2589 1224 2646 nil
1251 2588 1329 2647 ad
1356 2606 1468 2647 nos
1495 2597 1765 2645 anteacta
1792 2596 2046 2647 vetustas

509 2680 789 2755 temporis
816 2679 1038 2738 aeterni
1066 2679 1255 2751 fuerit,
1285 2697 1464 2754 quam
1493 2678 1788 2739 nascimur
1816 2688 1968 2736 ante.

508 2769 623 2828 hoc
654 2771 826 2846 igitur
852 2770 1157 2845 speculum
1186 2770 1356 2830 nobis
1385 2778 1590 2827 natura
1617 2769 1790 2827 futuri

508 2861 789 2937 temporis
817 2861 1059 2936 exponit
1085 2870 1221 2936 post
1249 2870 1500 2919 mortem
1526 2858 1785 2936 denique
1814 2869 2090 2919 nostram.
2223 2880 2287 2932 9⁷
2291 2878 2319 2931 5

509 2950 799 3027 numquid
827 2952 909 3010 ibi
936 2952 1205 3010 horribile
1236 2960 1497 3027 apparet,
1527 2969 1669 3009 num
1699 2951 1858 3009 triste
1887 2950 2118 3009 videtur

509 3043 845 3118 quicquam,
874 3060 997 3101 non
1025 3042 1189 3101 omni
1215 3060 1426 3101 somno
1454 3042 1709 3100 securius
1740 3042 1966 3099 exstat?

588 3135 783 3209 Atque
812 3151 884 3191 ea
908 3133 1183 3191 nimirum
1210 3150 1620 3209 quaecumque
1652 3133 1984 3190 Acherunte
2012 3131 2306 3208 profundo

509 3222 743 3299 prodita
769 3232 904 3282 sunt
931 3242 1078 3295 esse,
1109 3224 1169 3281 in
1195 3224 1314 3282 vita
1340 3232 1476 3282 sunt
1503 3224 1703 3282 omnia
1728 3223 1917 3281 nobis,

508 3333 624 3373 nec
652 3315 829 3373 miser
856 3313 1185 3390 inpendens
1216 3333 1495 3391 magnum
1525 3315 1692 3372 timet
1721 3314 1855 3374 aii-re
1885 3330 2088 3372 saxum
2222 3318 2320 3385 980

510 3405 807 3478 TantaluS,
836 3415 901 3464 ut
928 3406 1152 3478 famast,
1184 3424 1347 3463 cassa
1376 3405 1683 3464 formidine
1714 3413 1954 3480 torpens
1974 3425 1992 3477 3

512 3496 618 3555 sed
645 3496 830 3572 magis
858 3496 919 3554 in
943 3497 1063 3555 vita
1090 3496 1289 3555 divom
1318 3505 1509 3554 metus
1539 3505 1704 3571 urget
1733 3496 1919 3553 inanis

512 3586 767 3646 mortalis
797 3604 1115 3662 casumque
1144 3587 1356 3645 timent
1384 3605 1564 3661 quem
1593 3587 1806 3661 cuique
1837 3587 1980 3644 ferat
2006 3586 2136 3643 fors.

2554 3782 2748 3967 fi
