2784 3992
506 304 629 384 176
1176 318 1640 375 LUCRETIUS
2207 320 2306 392 [v.

496 492 556 541 et
583 482 772 540 facere
801 490 937 540 ante
964 481 1117 540 viros
1146 481 1341 539 lanam
1368 490 1576 539 natura
1602 481 1796 556 coegit

495 590 673 649 quam
702 572 981 631 muliebre
1008 589 1193 647 genus
1214 592 1232 643 3
1276 589 1415 628 nam
1443 572 1616 647 longe
1645 579 1899 646 praestat
1926 572 1986 629 in
2013 581 2136 629 arte
2183 558 2307 643 135'5

496 672 555 721 et
582 663 865 721 sollertius
894 672 983 721 est
1010 661 1194 720 multo
1221 680 1408 736 genus
1436 679 1613 719 omne
1640 662 1798 719 virile
1820 683 1839 735 5

493 754 778 829 agricolae
807 752 1002 811 donec
1030 753 1171 810 vitio
1198 761 1419 810 vertere
1447 751 1650 824 severi,

492 854 557 901 ut
584 843 959 902 muliebribus
986 842 1049 901 id
1078 843 1345 900 manibus
1374 841 1704 900 concedere
1732 842 1946 901 vellent

492 944 668 1009 atque
699 934 809 1009 ipsi
836 934 1047 1009 pariter
1077 933 1285 991 durum
1316 932 1551 991 sufferre
1580 932 1840 991 laborem

491 1034 667 1100 atque
697 1042 875 1099 opere
905 1024 966 1081 in
994 1023 1144 1083 duro
1172 1022 1447 1081 durarent
1475 1023 1738 1081 membra
1765 1040 2109 1099 manusque.
2179 1029 2310 1094 1360

573 1117 650 1173 At
676 1115 976 1192 specimen
1005 1114 1240 1172 sationis
1270 1124 1329 1172 et
1354 1114 1640 1171 insitionis
1669 1114 1832 1189 origo

493 1206 620 1280 ipsa
649 1206 753 1263 fuit
780 1223 974 1262 rerum
1002 1206 1255 1280 primum
1286 1214 1489 1261 natura
1517 1204 1780 1275 creatrix,

491 1296 789 1354 arboribus
820 1296 1096 1370 quoniam
1125 1296 1307 1353 bacae
1335 1294 1694 1369 glandesque
1723 1293 1986 1352 caducae

494 1388 841 1462 tempestiva
869 1386 1089 1445 dabant
1115 1386 1406 1461 pullorum
1437 1386 1706 1443 examina
1733 1395 1969 1460 supter3

490 1476 649 1537 unde
680 1478 854 1535 etiam
883 1477 1162 1535 libitumst
1190 1476 1379 1551 stirpis
1410 1478 1776 1534 committere
1804 1477 1977 1535 ramis
2186 1484 2304 1547 136,

492 1576 553 1626 et
579 1586 732 1627 nova
760 1566 1041 1626 defodere
1070 1568 1130 1624 in
1158 1576 1366 1625 terram
1397 1567 1639 1641 virgulta
1664 1584 1769 1642 per
1797 1584 1982 1642 agros,

491 1657 629 1717 inde
659 1658 831 1716 aliam
860 1668 1036 1732 atque
1065 1658 1239 1715 aliam
1269 1658 1553 1716 culturam
1583 1657 1770 1715 dulcis
1798 1658 1965 1733 agelli

490 1750 855 1825 temptabant
882 1749 1217 1824 fructusque
1247 1750 1400 1806 feros
1431 1766 1838 1807 mansuescere
1869 1759 2082 1808 terram

491 1826 811 1899 cernebant
839 1838 1201 1915 indulgendo
1230 1838 1567 1913 blandeque
1597 1838 1872 1898 colendo,

491 1931 668 2007 inque
698 1930 825 1989 dies
854 1930 1036 2006 magis
1066 1931 1125 2011 in
1154 1941 1419 1989 montem
1449 1928 1767 1988 succedere
1797 1931 1966 1989 silvas
2183 1951 2306 2002 1370

492 2022 782 2097 cogebant
811 2021 1073 2096 infraque
1103 2021 1300 2079 locum
1330 2019 1662 2079 concedere
1691 2021 1878 2094 cultiS‚

489 2121 655 2186 prata
682 2113 839 2170 lacus
867 2112 1019 2169 rivos
1048 2121 1273 2187 segetes
1304 2112 1615 2186 vinetaque
1645 2111 1798 2169 laeta

492 2192 733 2260 collibus
762 2211 821 2260 et
848 2202 1073 2277 campis
1101 2210 1165 2259 ut
1193 2202 1493 2274 haberent,
1523 2211 1698 2276 atque
1729 2202 1989 2260 olearum

491 2293 721 2350 caerula
748 2292 1108 2369 distinguens
1137 2294 1286 2350 inter
1313 2293 1485 2368 plaga
1513 2310 1741 2350 currere
1769 2302 1970 2368 posset

491 2400 597 2458 per
625 2385 877 2442 tumulos
905 2392 965 2441 et
993 2383 1268 2441 convallis
1298 2400 1662 2459 camposque
1693 2384 1966 2459 profiisa3
2185 2402 2302 2455 ¹375

492 2482 556 2531 ut
585 2492 743 2532 nunc
773 2492 898 2532 esse
927 2471 1089 2531 vides
1118 2474 1275 2531 vario
1306 2472 1582 2532 distincta
1608 2474 1807 2550 lepore

493 2566 707 2636 omnia,
738 2582 889 2639 quae
918 2565 1108 2640 pomis
1139 2565 1394 2623 intersita
1422 2564 1692 2623 dulcibus
1722 2574 1933 2624 ornant

492 2656 853 2731 arbustisque
881 2663 1085 2713 tenent
1112 2655 1374 2713 felicibus
1404 2636 1596 2731 opsita
1625 2656 1865 2715 circum.

575 2747 651 2803 At
677 2745 925 2820 liquidas
955 2745 1147 2803 avium
1176 2763 1351 2804 voces
1382 2746 1656 2803 imitarier
1685 2764 1785 2805 ore
2305 2808 2318 2825 ,

494 2846 627 2893 ante
657 2836 762 2893 fuit
789 2835 974 2893 multo
1003 2854 1179 2911 quam
1209 2837 1357 2895 levia
1386 2837 1648 2894 carmina
1675 2846 1854 2895 cantu
2185 2844 2307 2908 1380

493 2926 905 2984 concelebrare
934 2926 1202 2985 homines
1230 2935 1475 3003 possent
1503 2928 1771 3003 aurisque
1801 2928 2014 2985 iuvare.

496 3024 555 3075 et
582 3016 836 3092 zephyri,
868 3034 1011 3075 cava
1037 3036 1145 3093 per
1173 3018 1547 3086 calamorum,
1583 3018 1748 3076 sibila
1775 3018 2030 3093 primum

494 3106 731 3182 agrestis
758 3105 1016 3165 docuere
1047 3126 1217 3165 cavas
1245 3106 1444 3165 inflare
1474 3108 1714 3166 cicutas

494 3196 634 3254 inde
664 3197 990 3254 minutatim
1021 3196 1205 3255 dulcis
1234 3197 1495 3255 didicere
1525 3198 1825 3273 querellaS,

494 3288 634 3345 tibia
662 3305 805 3360 quas
835 3286 1027 3345 fundit
1056 3287 1245 3362 digitis
1274 3288 1500 3363 pulsata
1527 3299 1862 3360 canentum,
2186 3296 2306 3360 1385

494 3377 621 3433 avia
649 3395 753 3451 per
779 3394 1024 3434 nemora
1048 3395 1118 3434 ac
1146 3377 1311 3435 silvas
1340 3378 1632 3453 saltusque
1662 3388 1906 3454 reperta,

494 3483 598 3540 per
626 3466 755 3523 loca
782 3474 1077 3540 pastorum
1105 3466 1334 3525 deserta
1359 3476 1536 3541 atque
1565 3469 1685 3527 otia
1713 3467 1825 3526 dia.

498 3556 642 3613 haec
672 3557 898 3614 animos
927 3558 1053 3615 ollis
1083 3558 1414 3615 mulcebant
1444 3568 1618 3633 atque
1649 3560 1922 3617 iuvabant
2187 3580 2312 3633 1390

766 3798 935 3924 f:
