2784 3992
124 3760 253 3963 ἒ

520 328 641 393 130
1179 324 1644 379 LUCRETms
2184 324 2319 395 [1v.

510 506 613 545 seu
641 486 847 544 mulier
874 495 1000 544 toto
1029 487 1249 544 iactans
1279 503 1312 543 e
1342 502 1590 560 corpore
1619 502 1898 557 amorem,
2325 554 2346 568 ·

510 577 668 635 unde
694 578 912 649 feritur,
943 595 1017 635 eo
1046 576 1234 635 tendit
1262 577 1552 651 gestitque
1581 575 1739 633 coire
2198 592 2319 647 ¹055

509 678 568 726 et
595 668 786 726 iacere
816 686 1081 725 umorem
1110 667 1170 724 in
1200 685 1414 741 corpus
1444 664 1521 723 de
1555 684 1804 740 corpore
1833 664 2096 724 ductum.

508 777 763 834 namque
789 758 1147 833 voluptatem
1175 757 1464 832 praesagit
1493 766 1654 813 muta
1681 755 1916 831 cupido,

591 848 764 907 Haec
790 849 991 907 Venus
1021 858 1108 906 est
1134 848 1303 906 nobis
1324 869 1341 920 3
1378 847 1516 904 hinc
1544 855 1796 904 autemst
1822 865 2043 905 nomen
2071 848 2300 920 amoriS‚

508 938 645 997 hinc
673 940 838 1015 illaec
865 939 1117 1014 primum
1146 938 1386 996 Veneris
1416 936 1742 996 dulcedinis
1770 937 1832 994 in
1859 955 1964 995 cor

508 1030 736 1087 stillavit
762 1039 924 1105 gutta
952 1039 1011 1087 et
1038 1029 1318 1087 successit
1346 1027 1555 1104 frigida
1581 1045 1737 1085 cura.
2196 1035 2320 1086 1060

505 1138 643 1177 nam
673 1120 721 1177 si
749 1120 915 1178 abest
942 1119 1105 1194 quod
1132 1137 1285 1190 aveS‚
1315 1127 1548 1193 praesto
1575 1118 1884 1176 simulacra
1909 1128 2108 1178 tamen
2137 1128 2271 1178 sunt

508 1209 654 1267 illius
685 1219 743 1267 et
772 1228 989 1267 nomen
1019 1208 1193 1267 dulce
1224 1208 1562 1267 obversatur
1589 1207 1667 1267 ad
1695 1209 1865 1267 auris.

478 1344 483 1349 .
508 1299 616 1357 sed
644 1300 883 1375 fugitare
912 1299 1089 1357 decet
1116 1299 1423 1358 simulacra
1451 1308 1509 1357 et
1537 1298 1752 1373 pabula
1777 1299 1988 1357 amoris

508 1389 825 1448 absterrere
855 1391 965 1449 sibi
994 1400 1169 1465 atque
1198 1390 1312 1447 alio
1341 1398 1681 1447 convertere
1711 1398 1971 1447 mentem

509 1489 569 1538 et
596 1480 785 1538 iacere
814 1499 1081 1538 umorem
1109 1481 1445 1539 conlectum
1476 1480 1537 1537 in
1563 1497 1813 1554 corpora
1840 1498 2109 1555 quaeque
2197 1487 2318 1553 1065

509 1588 621 1628 nec
649 1571 895 1628 retinere
945 1570 1127 1629 semel
1154 1589 1502 1629 conversum
1531 1570 1700 1629 unius
1729 1588 1947 1643 amore,

510 1672 570 1720 et
598 1680 824 1720 servare
852 1662 915 1719 si'
989 1680 1188 1720 curam
1218 1671 1561 1737 certumque
1592 1660 1880 1720 dolorem.

509 1753 673 1810 ulcus
702 1746 857 1809 enim
887 1752 1127 1811 vivescit
1154 1761 1214 1810 et
1242 1752 1608 1810 inveterascit
1637 1750 1853 1810 alendo

508 1844 687 1917 inque
716 1842 842 1900 dies
868 1843 1056 1917 gliscit
1084 1843 1241 1900 furor
1269 1852 1446 1917 atque
1475 1860 1759 1901 aerumna
1785 1842 2090 1917 gravescit,

508 1934 557 1991 si
586 1951 707 1991 non
735 1933 921 2008 prima
948 1934 1112 1991 novis
1142 1934 1454 1991 conturbes
1483 1933 1720 1991 volnera
1746 1933 1928 2009 plagis
2196 1953 2323 2000 1070

508 2023 925 2099 volgivagaque
954 2042 1132 2099 vagus
1161 2024 1393 2081 Venere
1423 2033 1560 2081 ante
1589 2024 1849 2082 recentia
1875 2041 2042 2081 cures

508 2124 608 2171 aut
635 2114 747 2172 alio
776 2114 964 2189 possis
992 2114 1172 2172 animi
1201 2113 1507 2172 traducere
1539 2123 1752 2173 motus,

591 2205 724 2262 Nec
752 2205 993 2262 Veneris
1022 2205 1209 2262 fructu
1238 2215 1398 2262 caret
1426 2206 1475 2263 is
1503 2206 1604 2281 qui
1631 2205 1772 2263 vitat
1800 2222 2078 2277 amorem,

508 2294 616 2352 sed
644 2295 837 2370 potius
865 2313 1017 2371 quae
1045 2305 1180 2353 sunt
1207 2295 1332 2354 sine
1362 2314 1558 2370 poena
1585 2295 1906 2354 commoda
1932 2297 2145 2370 sumit3

507 2404 646 2443 nam
676 2394 833 2443 certe
862 2394 1060 2461 purast
1088 2386 1242 2443 sanis
1271 2386 1455 2461 magis
1485 2385 1623 2443 inde
1652 2387 1922 2462 voluptas
2196 2405 2322 2460 ¹075

509 2494 686 2551 quam
715 2476 956 2534 miseris.
987 2476 1205 2533 etenim
1233 2476 1504 2551 potiundi
1532 2486 1800 2553 tempore
1828 2478 1890 2535 in
1917 2476 2047 2553 ipso

511 2566 751 2625 fluctuat
777 2566 1009 2625 incertis
1038 2567 1324 2625 erroribus
1354 2566 1528 2624 ardor
1554 2576 1853 2625 amantum

510 2676 623 2715 nec
653 2665 883 2715 constat
911 2656 1055 2733 quid
1082 2656 1333 2732 primum
1364 2658 1549 2716 oculis
1579 2658 1964 2734 manibusque
1992 2658 2270 2717 fruantur.

511 2746 673 2822 quod
700 2747 941 2823 petiere,
971 2756 1246 2822 premunt
1273 2757 1393 2805 arte
1425 2748 1762 2824 faciuntque
1792 2748 2058 2807 dolorem

512 2839 774 2913 corporis
804 2848 863 2896 et
891 2836 1101 2896 dentes
1130 2838 1381 2896 inlidunt
1410 2856 1586 2913 saepe
1617 2839 1835 2897 labellis
1971 2910 1976 2915 ,
2198 2848 2328 2899 1080

511 2928 828 3003 osculaque
856 2927 1155 3003 adfligunt,
1186 2930 1325 3004 quia
1353 2947 1474 2987 non
1504 2938 1592 2987 est
1619 2947 1764 3004 pura
1789 2930 2056 3006 voluptas

512 3031 571 3088 et
599 3020 811 3077 stimuli
840 3020 1082 3078 subsunt
1110 3020 1212 3095 qui
1238 3019 1514 3094 instigant
1541 3019 1771 3078 laedere
1801 3020 1864 3079 id
1893 3022 2082 3096 ipsum

509 3110 931 3185 quodcumque
965 3119 1070 3181 est,
1100 3110 1287 3168 rabies
1314 3109 1474 3167 unde
1502 3110 1667 3168 illaec
1696 3112 1958 3186 germina
1986 3121 2242 3187 surgunt.

512 3200 618 3260 sed
646 3202 846 3258 leviter
873 3218 1095 3275 poenas
1124 3200 1330 3275 frangit
1358 3202 1559 3258 Venus
1591 3202 1739 3258 inter
1767 3220 2028 3260 amorem

511 3290 845 3366 blandaque
873 3290 1122 3348 refrenat
1150 3308 1375 3348 morsus
1404 3289 1664 3348 admixta
1689 3290 1972 3366 voluptas.
2200 3300 2325 3365 1085

513 3400 767 3457 namque
797 3383 855 3439 in
887 3400 959 3439 eo
989 3400 1123 3457 spes
1152 3390 1256 3453 est,
1286 3380 1446 3439 unde
1479 3390 1566 3439 est
1594 3380 1814 3439 ardoris
1843 3382 2026 3457 orig0,

513 3472 788 3547 restingui
816 3490 1053 3548 quoque
1082 3490 1256 3547 posse
1283 3472 1359 3530 ab
1389 3471 1603 3530 eodem
1632 3490 1880 3547 corpore
1907 3472 2222 3531 flammam.

516 3562 680 3639 quod
708 3564 831 3621 fieri
858 3573 1063 3622 contra
1090 3574 1278 3621 totum
1306 3573 1513 3621 natura
1537 3571 1863 3639 repugnat3
