2784 3992
468 330 491 374 1
511 329 588 391 14
1126 324 1588 378 LucRETms
2043 287 2054 383 ’,
2133 325 2265 396 [1v.

453 487 651 546 dicere
681 504 783 545 eos
813 497 1033 558 contra,
1064 504 1215 561 quae
1246 495 1371 544 tota
1399 486 1472 543 ab
1502 486 1766 543 sensibus
1794 494 1922 543 orta
1949 487 2078 544 est?

453 579 555 653 qui
581 578 691 635 nisi
718 587 851 636 sunt
877 578 1016 648 veri,
1047 577 1191 634 ratio
1222 594 1460 651 quoque
1489 576 1629 634 falsa
1656 576 1721 633 fit
1749 576 1959 635 omniS.
2167 584 2264 648 485

452 688 527 726 an
555 677 831 744 poterunt
857 667 1063 726 oculos
1091 685 1256 724 aures
1284 666 1731 741 reprehendere,
1759 685 1834 724 an
1863 684 2028 724 aures

451 760 680 817 tactus?
720 776 793 816 an
824 758 981 815 hunc
1009 775 1184 833 porro
1213 767 1435 815 tactum
1464 774 1637 831 sapor
1665 768 1863 831 arguet
1891 758 2022 828 oriS,

451 868 526 906 an
554 850 939 907 confutabunt
968 867 1137 905 nares
1165 848 1393 905 oculive
1421 847 1760 905 revincent?

450 958 590 1011 non,
620 949 684 997 ut
712 940 938 1014 opinor,
971 939 1048 996 ita
1076 950 1180 997 est.
1212 957 1348 995 nam
1379 956 1641 995 seorsum
1670 937 1884 1012 cuique
1912 948 2170 1012 potestas

450 1029 702 1101 divisast,
726 1048 831 1087 sua
851 1030 933 1087 vis
963 1030 1247 1104 cuiquest,
1280 1028 1536 1102 ideoque
1567 1046 1808 1086 necesse
1837 1038 1926 1086 est
2095 1020 2100 1025 ⁹
2165 1050 2267 1102 490

449 1129 508 1176 et
537 1120 700 1194 quod
729 1120 899 1177 molle
922 1121 994 1177 sit
1022 1130 1081 1177 et
1108 1118 1368 1194 gelidum
1398 1120 1695 1177 fervensve
1724 1136 1983 1177 seorsum

449 1221 508 1267 et
533 1228 793 1268 seorsum
822 1211 1009 1268 varios
1037 1229 1227 1267 rerum
1258 1209 1471 1267 sentire
1502 1207 1729 1267 colores

448 1310 507 1357 et
536 1318 944 1375 quaecumque
974 1300 1255 1358 coloribu'
1286 1300 1401 1357 sint
1428 1299 1745 1357 coniuncta
1769 1298 1986 1357 videre.

450 1408 680 1449 seorsus
709 1391 849 1448 item
879 1408 1051 1465 sapor
1079 1392 1194 1448 oris
1223 1389 1400 1448 habet
1428 1390 1566 1462 vim,
1595 1407 1823 1448 seorsus
1851 1389 2064 1448 odores

445 1491 778 1552 nascuntur,
810 1499 1035 1538 sorsum
1064 1481 1303 1538 sonitus.
1336 1479 1594 1555 ideoque
1623 1498 1867 1539 necesse
1899 1489 1987 1539 est
2156 1500 2259 1555 495

443 1589 565 1629 non
593 1572 820 1647 possint
846 1571 989 1629 alios
1018 1571 1113 1629 alii
1144 1570 1496 1629 convincere
1525 1588 1747 1629 sensuS.

443 1680 558 1719 nec
586 1680 761 1737 porro
790 1672 1065 1737 poterunt
1094 1662 1202 1737 ipsi
1231 1660 1661 1737 reprehendere
1691 1678 1837 1732 sese,

442 1770 631 1828 aequa
657 1753 806 1811 fides
836 1753 1118 1827 quoniam
1147 1752 1389 1812 debebit
1419 1769 1652 1826 semper
1677 1752 1894 1810 haberi.

350 1872 395 1923 χ
440 1845 688 1920 proinde
718 1844 881 1920 quod
910 1846 970 1903 in
999 1855 1292 1920 quoquest
1319 1845 1408 1903 his
1436 1846 1622 1903 visum
1652 1854 1939 1920 ternpore,
1968 1854 2241 1905 verumst.

440 1945 500 1994 et
527 1936 572 1993 si
602 1953 724 1993 non
745 1936 967 2011 -poterit
994 1937 1139 2017 [atio
1170 1936 1484 2016 dissolv-ere
1516 1953 1780 2006 causam,
2162 1956 2260 2009 500

439 2044 542 2083 cur
570 2044 641 2084 ea
668 2044 818 2102 quae
848 2027 1059 2084 fuerint
1086 2028 1288 2084 iuxtim
1318 2026 1619 2101 quadrata,
1650 2020 1855 2101 prociil
1883 2025 1997 2085 sint

437 2117 557 2175 visa
582 2116 853 2189 rutunda,
883 2127 1083 2175 tamen
1110 2127 1363 2192 praestat
1391 2118 1631 2175 rationis
1661 2125 1935 2192 egentem

438 2207 683 2265 reddere
713 2207 1001 2266 mendose
1032 2227 1234 2265 causas
1264 2209 1560 2282 utriusque
1590 2208 1828 2282 figurae,

436 2315 613 2371 quam
644 2298 911 2356 manibus
940 2299 1244 2356 manifesta
1271 2299 1387 2356 suis
1419 2299 1683 2356 emittere
1714 2315 2017 2373 quoquam

438 2399 496 2445 et
525 2387 735 2445 violare
765 2387 945 2445 fidem
975 2389 1223 2463 primam
1252 2400 1311 2446 et
1340 2389 1666 2447 convellere
1694 2398 1819 2447 tota
2158 2406 2253 2463 5ο5

436 2477 817 2536 fundamenta
844 2480 1053 2554 quibus
1082 2480 1310 2537 nixatur
1336 2480 1455 2536 vita
1482 2481 1769 2555 salusque.

434 2589 556 2627 non
584 2570 768 2629 modo
797 2572 956 2629 enim
985 2572 1131 2630 ratio
1161 2581 1287 2629 ruat
1316 2572 1527 2644 omnis,
1557 2574 1674 2629 vita
1701 2591 1940 2648 quoque
1967 2572 2097 2649 ipsa

434 2660 711 2719 concidat
738 2662 1055 2736 extempIO,
1078 2662 1188 2719 nisi
1216 2662 1457 2720 credere
1485 2663 1750 2721 sensibus
1777 2664 1932 2743 ausis

376 2738 387 2813 i
432 2752 881 2827 praecipitisque
911 2751 1075 2809 locos
1103 2753 1284 2810 vitare
1315 2763 1379 2810 et
1411 2763 1604 2810 cetera
1631 2772 1784 2828 quae
1812 2740 1943 2813 sint.
2154 2772 2256 2825 5¹0

432 2843 526 2899 illa
551 2842 657 2900 tibi
686 2851 774 2900 est
800 2842 970 2917 igitur
997 2843 1307 2901 verborum
1337 2844 1514 2917 copia
1540 2861 1708 2901 cassa

431 2933 623 2991 omnis
651 2950 801 3007 quae
832 2942 1036 2991 contra
1062 2952 1264 2991 sensus
1292 2934 1575 2991 instructa
1601 2943 1872 3008 paratast.

430 3024 685 3097 denique
716 3034 779 3081 ut
806 3023 865 3080 in
894 3024 1129 3094 fabrica,
1159 3024 1207 3081 si
1235 3034 1464 3099 pravast
1493 3025 1690 3099 regula
1718 3026 1923 3099 prima,

428 3130 751 3187 normaque
781 3114 828 3171 si
857 3113 1025 3171 fallax
1052 3115 1225 3172 rectis
1254 3115 1587 3189 regionibus
1620 3116 1758 3188 exit,

429 3214 488 3261 et
514 3204 706 3283 libella
736 3204 928 3278 aliqua
956 3204 1003 3261 si
1031 3222 1106 3262 ex
1134 3205 1284 3280 parti
1314 3205 1606 3263 claudicat
1635 3204 1836 3277 hilum,
2151 3224 2249 3278 515

428 3296 624 3353 omnia
652 3293 936 3352 mendose
967 3295 1089 3352 fieri
1118 3305 1293 3370 atque
1324 3296 1557 3371 obstipa
1585 3314 1826 3354 necesse
1859 3305 1949 3354 est

428 3404 602 3460 prava
630 3385 902 3442 cubantia
930 3404 1115 3460 prona
1142 3387 1350 3460 supina
1377 3397 1553 3461 atque
1583 3386 1804 3444 absona
1832 3397 2005 3459 tecta,

428 3476 542 3534 iam
568 3494 734 3533 ruere
764 3486 828 3533 ut
856 3476 1146 3551 quaedam
1175 3475 1482 3534 videantur
1510 3476 1675 3547 velle,
1705 3488 1990 3553 ruantque

430 3566 661 3642 prodita
688 3566 916 3625 iudiciis
944 3568 1240 3626 fallacibus
1271 3568 1472 3626 omnia
1499 3568 1718 3644 primis,
