2784 3992
458 271 540 353 56
1121 280 1586 335 LUCRETms
1859 299 1866 305 -
2145 275 2254 347 [11.

452 446 735 504 continuo
763 446 879 504 hoc
907 463 1062 503 mors
1090 453 1178 502 est
1205 443 1353 501 illius
1382 439 1547 517 quod
1573 440 1680 500 fuit
1705 449 1862 500 ante.

452 536 701 613 proinde
730 537 928 595 colore
957 554 1098 593 cave
1128 535 1434 609 contingas
1465 533 1689 591 semina
1717 550 1928 604 rerum,
2164 545 2256 602 755

452 643 531 685 ne
558 626 664 685 tibi
690 645 781 684 res
808 627 1051 685 redeant
1078 624 1155 683 ad
1183 626 1365 683 nilum
1393 622 1655 681 funditus
1684 641 1910 681 omnes·

535 720 841 777 Praeterea
867 720 915 776 si
942 720 1097 776 nulla
1124 718 1335 776 coloris
1362 717 1663 793 principiis
1692 725 1780 774 est

451 808 682 869 reddita
707 819 913 867 natura
938 818 997 867 et
1022 809 1190 867 variis
1220 818 1355 866 sunt
1383 807 1648 883 praedita
1676 806 1894 877 formiS,
1991 801 1998 807 ’

452 918 487 959 e
515 900 724 975 quibus
752 918 927 958 omne
955 918 1137 975 genus
1165 900 1411 975 gignunt
1436 899 1775 973 variantque
1805 896 2033 955 colores

452 1001 777 1066 propterea,
808 991 1001 1067 magni
1030 989 1192 1064 quod
1220 989 1393 1049 refert
1421 989 1648 1049 semina
1674 1004 1943 1064 quaeque
2164 990 2262 1053 760

451 1099 588 1139 cum
618 1082 827 1155 quibus
857 1090 915 1139 et
942 1081 1096 1156 quali
1125 1082 1386 1156 positura
1414 1080 1827 1139 contineantur

451 1180 511 1229 et
538 1190 687 1246 quos
715 1172 866 1229 inter
890 1189 953 1229 se
984 1171 1127 1229 dent
1154 1180 1349 1229 motus
1378 1170 1809 1245 accipiantque,

451 1262 721 1337 perfacile
752 1262 1046 1336 extemplo
1074 1262 1359 1319 rationem
1386 1259 1637 1319 reddere
1667 1260 1856 1336 possis

450 1369 555 1409 cur
582 1370 653 1410 ea
679 1371 830 1427 quae
859 1353 1023 1427 nigro
1053 1352 1261 1410 fuerint
1289 1353 1468 1427 paulo
1495 1361 1631 1409 ante
1661 1351 1878 1422 colore,

450 1460 778 1501 marmoreo
806 1443 929 1500 fieri
958 1443 1181 1517 possint
1208 1442 1468 1500 candore
1495 1451 1737 1516 repente
1759 1461 1777 1514 ;
2159 1444 2255 1511 765

450 1543 514 1591 ut
541 1552 718 1604 mare,
748 1552 885 1591 cum
914 1534 1108 1609 magni
1136 1542 1510 1591 commorunt
1536 1550 1792 1607 aequora
1818 1530 1996 1602 venti,

448 1632 685 1688 vertitur
713 1630 772 1688 in
802 1649 979 1688 canos
1009 1628 1285 1687 candenti
1314 1647 1604 1687 marmore
1634 1629 1880 1699 fluctus;

450 1719 645 1778 dicere
676 1722 831 1778 enim
860 1721 1066 1796 possis,
1096 1721 1325 1795 nigrum
1354 1718 1520 1795 quod
1547 1735 1724 1794 saepe
1751 1718 2036 1791 videmuS‚

449 1812 715 1869 materies
746 1806 853 1869 ubi'
872 1812 1159 1885 permixta
1187 1820 1276 1869 est
1303 1811 1452 1869 illius
1480 1806 1716 1869 et'ordo

448 1902 744 1977 principiis
772 1912 1025 1959 mutatus
1054 1911 1113 1960 et
1140 1901 1344 1960 addita
1370 1900 1732 1976 demptaque
1761 1897 2072 1973 quaedam,
2159 1917 2260 1965 770

449 1993 727 2050 continuo
756 1992 817 2050 id
844 1993 967 2049 fieri
995 2001 1059 2049 ut
1086 1991 1351 2051 candens
1377 1991 1645 2050 videatur
1672 2000 1731 2048 et
1759 1990 1977 2049 album.

448 2082 611 2157 quod
640 2083 687 2140 si
715 2083 989 2140 caeruleis
1018 2092 1353 2141 constarent
1381 2099 1641 2157 aequora
1667 2081 1835 2157 ponti

446 2174 781 2246 seminibus,
811 2174 968 2231 nullo
997 2184 1239 2248 possent
1266 2176 1562 2233 albescere
1595 2182 1771 2249 pacto
1794 2192 1812 2246 3

445 2284 583 2323 nam
612 2282 987 2339 quocumque
1015 2264 1199 2322 modo
1228 2265 1532 2339 perturbes
1561 2264 1792 2321 caerula
1819 2279 1970 2337 quae
1999 2260 2134 2332 sint,

444 2374 765 2429 numquam
793 2354 854 2412 in
880 2374 1272 2413 marmoreum
1300 2363 1547 2429 possunt
1575 2354 1818 2429 migrare
1847 2352 2124 2410 colorem.
2160 2368 2254 2424 775

444 2446 532 2503 sin
562 2445 674 2503 alio
702 2454 878 2519 atque
906 2446 1019 2506 alio
1048 2455 1182 2504 sunt
1211 2446 1436 2503 semina
1465 2444 1648 2502 tincta
1675 2444 1873 2501 colore

444 2552 595 2609 quae
622 2536 795 2593 maris
826 2536 1084 2593 efficiunt
1114 2554 1296 2593 unum
1327 2552 1658 2610 purumque
1688 2534 1958 2606 nitorem,

442 2634 507 2683 ut
535 2644 711 2701 saepe
741 2644 815 2683 ex
844 2626 966 2684 aliis
994 2626 1192 2684 formis
1219 2626 1506 2700 variisque
1536 2624 1732 2700 figuris

443 2716 689 2773 efficitur
716 2715 999 2791 quiddam
1028 2716 1375 2791 quadratum
1404 2733 1638 2790 unaque
1668 2716 1870 2789 figura,

442 2806 845 2878 conveniebat,
873 2816 939 2875 ut
967 2806 1027 2864 in
1055 2806 1337 2881 quadrato
1367 2807 1660 2864 cernimus
1689 2823 1818 2863 esse
2159 2810 2258 2873 780

442 2894 746 2953 dissimiles
773 2895 1005 2968 formas,
1036 2896 1115 2953 ita
1144 2914 1379 2953 cernere
1409 2897 1470 2953 in
1499 2913 1755 2969 aequore
1784 2893 1954 2970 ponti

440 2995 541 3044 aut
568 2986 682 3043 alio
711 2986 772 3043 in
799 2987 1004 3061 quovis
1031 3004 1153 3043 uno
1181 3003 1447 3061 puroque
1476 2986 1665 3045 nitore

440 3075 747 3133 dissimiles
774 3076 947 3151 longe
975 3076 1127 3134 inter
1154 3095 1216 3134 se
1244 3078 1552 3151 variosque
1583 3076 1828 3135 colores.

437 3176 742 3241 praeterea
768 3167 848 3224 nil
874 3167 1137 3225 officiunt
1165 3168 1516 3242 obstantque
1545 3166 1765 3242 figurae

439 3256 747 3315 dissimiles
774 3275 895 3333 quo
923 3256 1271 3331 quadratum
1298 3258 1490 3315 minus
1519 3275 1696 3315 omne
1726 3256 1801 3315 sit
1827 3263 2028 3329 extra3
2133 3262 2250 3329 δ785

440 3356 499 3400 at
527 3347 667 3404 varii
693 3365 885 3404 rerum
912 3346 1223 3422 inpediunt
1249 3348 1680 3423 prohibentque
1710 3347 1940 3406 colores

443 3437 755 3509 quominus
784 3454 909 3494 esse
938 3456 1057 3495 uno
1086 3439 1269 3512 possit
1296 3456 1387 3495 res
1417 3447 1542 3496 tota
1568 3438 1775 3496 nitore.

520 3519 677 3581 Turn
703 3543 877 3599 porro
906 3545 1055 3601 quae
1087 3527 1249 3585 ducit
1277 3538 1337 3587 et
1363 3528 1547 3587 inlicit
1574 3538 1640 3587 ut
1667 3528 1988 3589 tribuamus
