2784 3992
479 315 581 385 v.]
956 316 1066 369 DE
1127 316 1421 370 RERUM
1475 317 1821 372 NATURA
2171 306 2286 368 161

478 496 588 534 nec
618 487 820 536 manet
846 478 961 536 ulla
986 479 1073 536 sui
1102 479 1299 537 similis
1328 496 1419 537 res
1443 501 1456 537 :
1501 481 1702 538 omnia
1728 480 1992 557 migrant,
2193 490 2293 553 830

478 568 677 626 omnia
704 577 1026 626 commutat
1052 578 1257 626 natura
1283 578 1342 627 et
1370 580 1588 627 vertere
1619 571 1793 645 cogit.

479 678 733 735 namque
762 661 903 718 aliut
930 662 1207 735 putrescit
1235 671 1295 720 et
1322 680 1469 720 aevo
1498 661 1689 721 debile
1720 664 1972 739 languet,

478 768 652 825 porro
681 751 821 808 aliut
849 751 1112 809 clarescit
1139 761 1198 809 et
1226 770 1259 809 e
1288 753 1724 827 contemptibus
1753 754 1890 814 exit.

479 842 561 899 sic
589 842 761 917 igitur
788 840 994 899 mundi
1020 851 1285 899 naturam
1312 843 1490 900 totius
1519 852 1678 901 aetas

479 942 666 991 mutat
694 943 754 991 et
782 950 857 990 ex
884 932 995 990 alio
1025 942 1233 989 terram
1262 942 1444 991 status
1472 933 1690 1008 excipit
1716 936 1898 1008 alter,
2198 945 2292 1009 835

481 1021 644 1098 quod
672 1023 867 1098 potuit
894 1024 1113 1097 nequit,
1145 1023 1330 1097 possit
1358 1022 1524 1098 quod
1553 1042 1676 1081 non
1703 1026 1832 1083 tulit
1859 1036 2012 1084 ante.

562 1113 869 1189 Multaque
898 1122 1023 1170 tum
1051 1113 1218 1171 tellus
1248 1114 1426 1172 etiam
1453 1123 1728 1189 portenta
1755 1134 1952 1174 creare

481 1212 748 1261 conatast
775 1202 920 1260 mira
948 1204 1094 1261 facie
1124 1203 1517 1280 membrisque
1548 1214 1770 1278 coorta,
2130 1204 2297 1286 [tum,

482 1292 906 1369 androgynum,
938 1294 1358 1369 interutrasque
1387 1312 1501 1353 nec
1531 1304 1743 1367 utrum,
1772 1296 2065 1372 utrimque
2108 1317 2295 1356 remo-

480 1384 626 1443 orba
652 1382 875 1459 pedum
902 1384 1132 1458 partim,
1164 1403 1443 1443 manuum
1473 1385 1710 1444 viduata
1736 1386 2010 1459 vicissim,
2201 1397 2299 1457 840

482 1484 645 1533 muta
672 1475 797 1532 sine
828 1493 928 1533 ore
958 1474 1152 1547 etiam,
1183 1476 1308 1533 sine
1336 1476 1496 1533 voltu
1527 1494 1705 1534 caeca
1731 1487 1976 1552 reperta,

481 1567 795 1642 vinctaque
824 1565 1219 1623 membrorum
1249 1584 1355 1641 per
1382 1576 1572 1624 totum
1602 1585 1816 1643 corpus
1843 1567 2122 1642 adhaesu,

482 1675 593 1715 nec
623 1656 816 1715 facere
844 1665 909 1713 ut
934 1666 1177 1730 possent
1205 1657 1522 1731 quicquam
1550 1676 1663 1715 nec
1693 1656 1906 1716 cedere
1937 1677 2238 1735 quoquam

482 1766 594 1807 nec
624 1747 804 1805 vitare
834 1746 1050 1804 malum
1078 1765 1191 1805 nec
1220 1765 1450 1805 sumere
1479 1747 1642 1823 quod
1674 1748 1820 1806 foret
1849 1768 2005 1808 usuS.

485 1849 681 1897 cetera
710 1836 787 1895 de
816 1854 1028 1913 genere
1059 1837 1174 1895 hoc
1206 1847 1464 1896 monstra
1491 1857 1561 1895 ac
1592 1848 1862 1913 portenta
1892 1840 2146 1913 creabat,
2200 1849 2298 1913 845

484 1930 864 2005 nequiquam,
896 1928 1175 2003 quoniam
1204 1938 1411 1986 natura
1436 1929 1743 1987 absterruit
1770 1939 2008 1989 auctum

485 2039 597 2079 nec
625 2029 874 2095 potuere
904 2019 1167 2094 cupitum
1197 2020 1403 2077 aetatis
1431 2029 1670 2095 tangere
1699 2019 1903 2079 florem

486 2129 596 2169 nec
624 2110 879 2187 reperire
908 2110 1106 2168 cibum
1134 2127 1248 2167 nec
1276 2109 1436 2185 iungi
1465 2128 1571 2185 per
1597 2110 1843 2170 Veneris
1870 2130 1979 2169 reS.

485 2202 668 2260 multa
692 2200 963 2259 videmus
992 2201 1150 2259 enim
1177 2201 1351 2258 rebus
1380 2218 1726 2259 concurrere
1757 2200 1994 2275 debere,

485 2301 551 2350 ut
577 2291 965 2367 propagando
992 2292 1219 2367 possint
1245 2289 1573 2365 procudere
1604 2292 1796 2349 saecla
1815 2311 1835 2365 3
2205 2300 2304 2364 850

488 2382 703 2457 pabula
731 2381 985 2457 primum
1014 2392 1079 2440 ut
1106 2383 1237 2455 sint,
1268 2382 1540 2457 genitalia
1568 2380 1785 2440 deinde
1813 2400 1919 2458 per
1950 2392 2104 2442 artus

490 2473 714 2531 semina
742 2490 859 2547 qua
886 2474 1111 2547 possint
1142 2472 1419 2531 membris
1450 2490 1684 2530 manare
1715 2472 1968 2531 remissis
1992 2492 2011 2547 3

489 2562 823 2637 feminaque
854 2572 918 2620 ut
946 2564 1200 2622 maribus
1231 2563 1508 2639 coniungi
1535 2563 1738 2638 possit,
1768 2562 2004 2623 habere·

488 2663 692 2712 mutua
720 2654 819 2727 qui
850 2663 1079 2712 mutent
1106 2655 1256 2713 inter
1284 2674 1347 2714 se
1375 2654 1590 2731 gaudia
1617 2664 1879 2729 uterque.

558 2744 862 2818 Multaque
873 2754 999 2802 tum
1016 2745 1297 2803 interiisse
1316 2746 1678 2803 animantum
1692 2744 1885 2803 saecla
1895 2756 2194 2805 necessest
2209 2754 2270 2817 85
2278 2766 2304 2817 5

490 2852 602 2891 nec
630 2835 891 2910 potuisse
920 2835 1303 2911 propagando
1332 2835 1660 2911 procudere
1690 2835 1936 2911 prolem.

491 2943 627 2982 nam
657 2943 1065 3000 quaecumque
1094 2925 1257 2983 vides
1286 2927 1443 2984 vesci
1473 2927 1740 2984 vitalibus
1769 2926 1939 2998 auriS,

491 3025 591 3073 aut
619 3014 791 3074 dolus
818 3027 918 3073 aut
946 3017 1121 3073 virtus
1150 3025 1249 3073 aut
1278 3015 1535 3091 denique
1564 3016 1855 3075 mobilitas
1883 3026 1973 3077 est

492 3123 568 3162 ex
594 3106 831 3163 ineunte
862 3124 1008 3164 aevo
1037 3124 1223 3181 genus
1252 3105 1313 3164 id
1342 3116 1527 3165 tutata
1555 3124 1877 3166 reservanS.

489 3195 789 3270 multaque
818 3205 971 3268 sunt,
1002 3197 1171 3255 nobis
1201 3215 1274 3254 ex
1302 3196 1543 3255 utilitate
1575 3216 1678 3255 sua
1705 3216 1858 3274 quae
2207 3204 2304 3255 860

490 3285 911 3345 commendata
938 3296 1194 3359 manent,
1224 3288 1439 3346 tutelae
1467 3287 1678 3346 tradita
1704 3297 1956 3347 nostrae.

489 3376 782 3453 principio
810 3395 995 3453 genus
1022 3396 1156 3436 acre
1185 3377 1424 3436 leonum
1455 3396 1744 3453 saevaque
1773 3379 1968 3437 saecla

488 3475 730 3525 tutatast
754 3468 949 3539 virtus,
978 3468 1178 3543 volpes
1208 3467 1377 3527 dolus
1407 3477 1468 3527 et
1493 3469 1632 3543 fuga
1658 3486 1883 3527 cervos

487 3565 552 3615 at
578 3557 901 3617 levisomna
929 3577 1141 3617 canum
1168 3558 1291 3617 fido
1321 3578 1457 3616 cum
1489 3567 1730 3635 pectore
1759 3558 1943 3619 corda

1400 3662 1452 3696 11
