2784 3992
532 319 631 390 v.]
998 322 1108 375 DE
1161 323 1458 376 RERUM
1513 322 1858 375 NATURA
2218 324 2337 391 149

529 498 601 539 ex
626 482 857 541 infinito
884 493 1019 542 sunt
1046 502 1297 559 corpora
1324 485 1489 559 plura
1515 494 1755 557 coorta3

525 572 664 631 inde
695 573 915 632 cadunt
940 576 1089 632 vires
1116 574 1310 649 aliqua
1335 565 1560 633 ratione
1587 575 1858 647 revictae,

526 672 624 721 aut
651 676 900 738 pereunt
927 684 1019 723 res
1048 675 1284 723 exustae
1313 667 1666 724 torrentibus
1693 666 1864 723 auriS.
2241 688 2339 735 410

527 772 695 811 umor
721 756 859 813 ,item
891 755 1193 830 quondam
1222 756 1423 831 coepit
1451 774 1720 829 superare
1749 766 2003 829 coortuS,

527 855 589 901 ut
616 844 771 902 fama
799 855 904 919 est,
935 846 1253 905 hominum.
1270 848 1482 905 multas
1511 846 1750 921 quando
1781 848 1973 905 obruit
2001 848 2175 906 urbis,

525 934 664 992 inde
692 936 791 994 ubi
820 937 904 993 vis
932 938 1123 1011 aliqua
1150 938 1373 995 ratione
1404 956 1605 995 aversa
1630 938 1885 1011 recessit,

527 1042 599 1083 ex
629 1026 855 1085 infinito
884 1028 1068 1086 fuerat
1096 1046 1507 1103 quaecumque
1535 1037 1757 1099 coorta,

526 1116 909 1176 constiterunt
937 1117 1149 1177 imbres
1178 1129 1237 1177 et
1266 1118 1506 1177 flumina
1531 1118 1648 1177 vim
1679 1120 2032 1176 minu-erunt.
2239 1141 2297 1187 41
2306 1138 2334 1191 5

604 1207 720 1267 Sed
750 1210 961 1283 quibus
991 1207 1083 1267 ille
1113 1209 1305 1267 modis
1334 1210 1640 1267 coniectus
1670 1208 1930 1267 materiai

523 1297 773 1355 fundarit
801 1308 1009 1356 terram
1040 1310 1099 1357 et
1126 1300 1357 1357 caelum
1385 1301 1673 1375 pontique
1701 1299 2010 1375 profunda,

522 1388 655 1445 solis
684 1388 839 1447 lunai
868 1383 1087 1461 cursuS‚
1117 1408 1191 1447 ex
1220 1390 1425 1448 ordine
1453 1408 1693 1465 ponam.

521 1497 656 1535 nam
685 1489 843 1537 certe
873 1498 1066 1554 neque
1096 1481 1342 1539 consilio
1369 1479 1690 1555 primordia
1716 1498 1909 1537 rerum

520 1568 722 1626 ordine
750 1588 814 1627 se
845 1588 951 1627 suo
981 1570 1249 1645 quaeque
1279 1572 1474 1647 sagaci
1502 1580 1700 1629 mente
1728 1571 1996 1629 locarunt
2235 1592 2331 1638 420

518 1677 630 1716 nec
658 1678 807 1734 quos
837 1678 1105 1746 quaeque
1135 1661 1343 1719 darent
1370 1670 1566 1736 motus
1595 1662 1871 1737 pepigere
1900 1661 2187 1735 profect0,

518 1749 622 1807 sed
650 1751 787 1824 quia
813 1751 996 1808 multa
1021 1751 1213 1809 modis
1241 1752 1435 1811 multis
1463 1751 1780 1827 primordia
1805 1769 1997 1809 rerum

517 1857 590 1897 ex
617 1841 847 1898 infinito
874 1842 989 1899 iam
1018 1851 1283 1917 tempore
1312 1843 1536 1918 percita
1561 1842 1745 1918 plagis

516 1931 991 2008 ponderibusque
1022 1933 1137 1991 suis
1167 1943 1526 1991 consuerunt
1553 1934 1789 1991 concita
1815 1931 1947 1990 ferri

516 2022 994 2097 omnimodisque
1022 2024 1181 2081 coire
1211 2034 1387 2099 atque
1419 2024 1618 2082 omnia
1646 2032 2055 2098 pertemptare,
2233 2042 2326 2093 425

515 2131 926 2189 quaecumque
954 2114 1105 2171 inter
1132 2132 1193 2172 se
1224 2124 1466 2189 possent
1497 2132 1810 2189 congressa
1836 2131 2055 2186 creare,

514 2214 825 2278 propterea
853 2204 918 2262 fit
947 2203 1031 2262 uti
1060 2224 1337 2280 magnum
1368 2206 1600 2281 volgata
1625 2223 1732 2280 per
1758 2222 1968 2262 aevom

514 2312 690 2352 omne
718 2313 905 2369 genus
932 2305 1135 2354 coetus
1164 2305 1225 2353 et
1252 2306 1447 2354 motus
1476 2314 1550 2353 ex
1578 2294 1866 2371 periundo

514 2384 753 2442 tandem
783 2387 1138 2444 conveniant
1168 2404 1239 2444 ea
1268 2376 1418 2461 quae
1450 2395 1740 2447 convecta
1765 2394 2008 2461 repente

513 2494 854 2552 magnarum
884 2495 1077 2535 rerum
1105 2477 1251 2557 fiunt
1280 2476 1522 2535 exordia
1550 2472 1746 2551 saepe,
2228 2496 2326 2547 430

512 2567 677 2628 terrai
707 2566 879 2624 maris
908 2577 967 2625 et
994 2568 1141 2625 caeli
1168 2569 1515 2644 generisque
1544 2568 1923 2625 animantum.

593 2657 713 2715 Hic
742 2675 937 2733 neque
966 2667 1091 2716 tum
1122 2659 1258 2717 solis
1286 2668 1416 2716 rota
1442 2659 1602 2715 cerni
1631 2656 1848 2714 lumine
1876 2657 2036 2731 largo

512 2746 810 2813 altivolans
837 2758 1067 2822 poterat
1094 2767 1208 2806 nec
1237 2749 1433 2825 magni
1463 2748 1654 2807 sidera
1681 2746 1885 2805 mundi

511 2855 622 2894 nec
651 2855 811 2895 mare
840 2855 951 2895 nec
980 2840 1209 2897 caelum
1239 2858 1353 2897 nec
1382 2839 1640 2913 denique
1669 2847 1818 2895 terra
1846 2856 2038 2912 neque
2067 2838 2166 2897 aer

511 2944 623 2984 nec
654 2928 851 2985 similis
878 2929 1087 2986 nostris
1117 2930 1289 2987 rebus
1318 2948 1409 2987 res
1437 2930 1552 3009 ulla
1578 2927 1793 3001 videri,‘
2224 2948 2320 3001 435

511 3017 617 3075 sed
644 3036 798 3099 nova
824 3028 1141 3094 tempestas
1170 3019 1461 3095 quaedam
1492 3020 1793 3095 molesque
1823 3028 2024 3077 coorta

511 3126 685 3165 omne
713 3126 899 3185 genus
928 3098 1007 3168 de
1032 3110 1347 3186 principiiS,
1378 3110 1674 3169 discordia
1701 3128 1948 3187 quorum

510 3199 807 3270 intervalla
831 3200 951 3259 vias
980 3219 1239 3259 conexus
1268 3201 1539 3276 pondera
1565 3202 1761 3277 plagas

510 3307 828 3349 concursus
864 3300 1058 3349 motus
1088 3292 1357 3350 turbabat
1384 3293 1604 3369 proelia
1631 3292 1904 3362 miscens,

510 3390 749 3455 propter
776 3380 1067 3439 dissimilis
1098 3382 1313 3441 formas
1342 3385 1642 3456 variasque
1669 3380 1879 3455 figuras
2219 3400 2318 3449 440

511 3469 673 3545 quod
701 3489 825 3529 non
852 3473 1051 3531 omnia
1078 3472 1161 3531 sic
1189 3482 1459 3549 poterant
1485 3472 1798 3529 coniuncta
1824 3488 2059 3529 manere

510 3580 624 3619 nec
652 3572 849 3621 motus
880 3562 1027 3620 inter
1054 3581 1181 3621 sese
1213 3564 1349 3621 dare
1378 3560 1796 3620 convenientis.
