2784 3992
479 313 556 374 14
1139 310 1603 362 LUCRETms
1775 283 1786 290 ’
2193 309 2267 379 [1.

547 473 703 530 Nam
732 489 1139 545 quaecumque
1169 471 1380 542 cluent,
1412 480 1513 528 aut
1539 470 1627 529 his
1654 473 1971 532 coniuncta
1998 472 2225 532 duabus

464 565 635 622 rebus
666 581 736 619 ea
763 562 1021 620 invenies
1050 571 1148 619 aut
1177 561 1384 620 horum
1414 571 1625 619 eventa
1650 562 1892 622 videbis.
2177 583 2276 635 450

465 656 841 713 coniunctum
871 660 960 709 est
985 651 1048 709 id
1077 651 1240 753 quod
1267 670 1554 727 nusquam
1583 653 1707 711 sine
1736 653 2042 728 permitiali

465 745 710 803 discidio
737 744 890 820 potis
922 752 1010 799 est
1041 743 1268 817 seiungi
1297 761 1477 818 seque
1505 744 1746 818 gregari,

462 836 696 911 pondus
723 835 807 892 uti
837 834 1026 903 saxist,
1061 833 1262 890 calor
1249 834 1413 907 ignis,
1446 834 1632 906 liquor
1658 833 1847 907 aquai.

471 924 686 1004 [tactus
715 925 1058 1000 corporibus
1088 924 1314 980 cunctis
1344 923 1591 980 intactus
1620 921 1836 1003 inani.]

463 1018 751 1074 servitium
782 1026 988 1074 contra
1015 1023 1326 1091 paupertas
1357 1013 1725 1088 divitiaeque,
2178 1035 2273 1089 455

460 1108 688 1165 libertas
718 1107 931 1165 bellum
961 1105 1298 1178 concordia,
1329 1113 1525 1161 cetera
1552 1122 1801 1178 quorum

460 1197 714 1256 adventu
744 1207 941 1256 manet
969 1197 1276 1255 incolumis
1306 1205 1512 1254 natura
1539 1195 1835 1270 abituque‚

460 1289 607 1347 haec
636 1289 786 1348 soliti
814 1308 1030 1361 sumus,
1060 1297 1124 1346 ut
1149 1307 1256 1364 par
1283 1296 1389 1359 est,
1420 1295 1633 1344 eventa
1658 1304 1885 1345 vocare.

460 1389 691 1456 tempus
719 1381 863 1437 item
889 1398 995 1454 per
1022 1397 1084 1437 se
1112 1397 1234 1437 non
1264 1388 1368 1449 est,
1401 1375 1511 1436 sed
1537 1377 1711 1436 rebus
1740 1376 1816 1435 ab
1843 1376 1981 1452 ipsis

462 1471 837 1546 consequitur
865 1489 1082 1542 sensuS‚
1113 1476 1473 1527 transactum
1502 1466 1649 1544 quid
1678 1468 1751 1526 sit
1778 1468 1838 1524 in
1868 1486 2031 1540 aevo,
2178 1476 2277 1536 460

460 1570 583 1619 tum
613 1580 763 1636 quae
791 1579 883 1618 res
913 1561 1101 1632 instet,
1131 1559 1275 1635 quid
1301 1577 1477 1635 porro
1506 1558 1729 1617 deinde
1758 1567 2047 1632 sequatur.

459 1671 572 1710 nec
599 1670 705 1728 per
731 1670 793 1710 se
823 1669 1178 1726 quemquam
1207 1660 1441 1726 tempus
1468 1649 1681 1708 sentire
1708 1647 2065 1708 fatendumst

459 1751 750 1801 semotum
779 1743 855 1801 ab
881 1760 1072 1800 rerum
1101 1751 1263 1799 motu
1293 1741 1641 1816 placidaque
1673 1739 1890 1814 quiete.

461 1833 715 1909 denique
743 1831 1141 1908 Tyndaridem
1170 1842 1394 1906 raptam
1419 1831 1691 1906 belloque
1722 1820 1994 1888 subactas

457 1924 836 1999 Troiiugenas
863 1922 1050 1998 gentis
1079 1941 1215 1979 cum
1245 1922 1450 1979 dicunt
1477 1940 1623 1993 esse,
1654 1911 2033 1980 videndumst
2178 1929 2273 1990 465

459 2033 533 2072 ne
562 2015 709 2072 forte
740 2013 884 2071 haec
912 2032 1018 2088 per
1046 2031 1107 2071 se
1138 2022 1350 2087 cogant
1379 2031 1487 2070 nos
1517 2030 1643 2070 esse
1672 2012 1855 2085 fateri,

459 2105 696 2180 quando
715 2124 785 2162 ea
803 2105 994 2162 saecla
1014 2105 1339 2175 hominum,
1361 2122 1611 2179 quorum
1633 2103 1781 2161 haec
1800 2112 2012 2161 eventa
2027 2103 2273 2175 fuerunt,

458 2196 858 2254 inrevocabilis
887 2195 1183 2253 abstulerit
1211 2195 1324 2252 iam
1353 2194 1663 2270 praeterita
1692 2203 1851 2252 aetas
1872 2213 1892 2266 3

336 2361 356 2368 Ψ
457 2305 711 2361 namque
742 2285 882 2344 aliut
906 2285 1168 2359 Teucris,
1199 2285 1338 2342 aliut
1365 2285 1697 2360 regionibus
1730 2283 1871 2359 ipsis

458 2386 731 2434 eventum
761 2376 878 2434 dici
907 2377 1120 2452 poterit
1148 2374 1567 2450 quodcumque
1598 2376 1705 2433 erit
1732 2384 1947 2433 actum.
2176 2396 2275 2443 470

457 2466 713 2543 denique
743 2467 1010 2525 materies
1041 2467 1087 2524 si
1114 2485 1306 2524 rerum
1337 2466 1493 2523 nulla
1518 2466 1719 2524 fuisset

457 2577 568 2616 nec
595 2559 760 2616 locus
789 2577 860 2616 ac
890 2558 1160 2633 spatium,
1191 2576 1282 2616 res
1312 2557 1372 2615 in
1403 2575 1521 2632 quo
1551 2575 1820 2632 quaeque
1850 2566 2143 2632 geruntur,

457 2667 779 2724 numquam
805 2647 1156 2724 Tyndaridis
1183 2649 1404 2707 formae
1435 2648 1719 2706 conflatus
1748 2665 1948 2705 amore

456 2741 621 2816 igniS,
651 2739 965 2798 Alexandri
997 2739 1247 2815 Phrygio
1277 2739 1385 2798 sub
1414 2747 1650 2814 pectore
1680 2737 1949 2814 gliscenS,

457 2831 611 2889 clara
637 2829 1004 2889 accendisset
1031 2830 1187 2888 saevi
1215 2830 1534 2888 certamina
1561 2829 1713 2899 belli,
2175 2853 2238 2899 47
2243 2851 2271 2904 5

456 2940 570 2980 nec
599 2921 748 2979 clam
779 2922 1053 2980 durateus
1079 2921 1366 2980 Troiianis
1386 2923 1679 2995 Pergama
1704 2929 1873 2995 partu

456 3013 870 3072 inflammasset
900 3030 1087 3086 equos
1118 3020 1409 3070 nocturno
1440 3012 1923 3086 Graiiugenarum
1943 3032 1963 3084 3

456 3103 787 3180 perspicere
818 3112 880 3160 ut
901 3103 1090 3178 possis
1117 3121 1208 3160 res
1237 3112 1428 3177 gestas
1458 3101 1715 3159 funditus
1744 3100 1939 3160 omnis

458 3213 578 3253 non
606 3195 795 3272 ita‚uti
818 3213 1032 3268 corpus
1053 3212 1159 3268 per
1187 3211 1248 3251 se
1279 3203 1546 3250 constare
1577 3211 1769 3266 neque
1801 3211 1950 3266 esse,

457 3305 570 3343 nec
598 3286 821 3343 ratione
851 3284 1042 3342 cluere
1073 3283 1282 3342 eadem
1312 3302 1431 3358 qua
1457 3293 1687 3340 constet
1714 3284 1907 3356 inane,
2172 3294 2273 3353 480

459 3376 565 3435 sed
593 3377 774 3451 magis
802 3384 867 3433 ut
894 3375 1100 3432 merito
1129 3375 1316 3450 possis
1346 3385 1554 3432 eventa
1580 3392 1791 3432 vocare

459 3467 718 3540 corporis
745 3475 921 3540 atque
950 3465 1083 3537 loci,
1113 3484 1203 3523 res
1233 3466 1292 3522 in
1321 3484 1441 3538 quo
1470 3483 1739 3540 quaeque
1770 3474 2060 3540 gerantur.

541 3557 804 3640 Corpora
832 3566 966 3613 sunt
992 3574 1165 3639 porro
1194 3556 1403 3638 partim
1433 3556 1751 3638 primordia
1778 3575 1991 3634 rerum,
