2784 3992
551 303 624 375 1.]
1027 305 1136 356 DE
1187 305 1480 357 RERUM
1537 303 1881 358 NATURA
2282 308 2347 353 11

547 483 725 538 quam
753 463 950 539 genita
977 464 1218 522 omnino
1247 463 1404 528 nulla
1429 464 1653 521 ratione
1682 465 1941 536 fuissent,

483 613 500 630 ⁸
547 554 810 629 undique
837 555 1104 612 materies
1133 555 1412 628 quoniam
1444 555 1652 629 stipata
1681 541 1954 630 quiesset.
2260 575 2353 628 345

545 656 845 720 praeterea
872 645 1133 719 quamvis
1161 644 1382 702 solidae
1412 663 1503 702 res
1534 663 1659 702 esse
1688 656 1979 719 putentur,

547 736 683 792 hinc
712 746 909 793 tamen
931 752 1057 792 esse
1086 735 1223 793 licet
1247 754 1376 793 raro
1406 754 1543 792 cum
1575 754 1820 809 corpore
1853 757 2071 797 cernas

547 827 606 883 in
635 827 782 884 saxis
803 845 872 883 ac
901 826 1192 901 speluncis
1220 835 1525 900 permanat
1553 845 1836 902 aquarum

545 916 797 990 liquidus
825 935 995 974 umor
1021 927 1082 975 et
1108 917 1382 974 uberibus
1414 917 1552 974 flent
1582 920 1783 976 omnia
1800 920 1997 996 guttis.

547 1009 786 1084 dissipat
813 1011 874 1068 in
901 1028 1114 1085 corpus
1143 1029 1270 1068 sese
1299 1011 1465 1068 cibus
1494 1030 1671 1090 omne
1699 1013 2079 1072 animantum.
2262 1033 2356 1084 350

547 1110 815 1158 crescunt
842 1101 1076 1159 arbusta
1103 1110 1161 1158 et
1187 1102 1337 1158 fetus
1367 1102 1427 1159 in
1458 1111 1722 1178 tempore
1752 1103 2020 1177 fundunt,

547 1190 711 1266 quod
737 1191 902 1250 cibus
928 1192 989 1250 in
1017 1201 1170 1250 totas
1197 1211 1383 1266 usque
1407 1193 1484 1251 ab
1510 1192 1800 1252 radicibus
1830 1195 1959 1252 imis

545 1300 651 1358 per
676 1291 914 1341 truncos
941 1302 1012 1340 ac
1039 1302 1146 1358 per
1171 1301 1366 1342 ramos
1395 1283 1737 1342 diffunditur
1764 1286 1971 1343 omniS.

545 1373 695 1430 inter
722 1382 923 1448 saepta
947 1383 1148 1432 meant
1174 1391 1354 1434 voces
1381 1384 1443 1433 et
1470 1375 1664 1432 clausa
1692 1374 2004 1433 domorum

543 1464 957 1534 transvolitant,
987 1464 1238 1540 rigidum
1259 1475 1564 1540 permanat
1590 1467 1765 1541 frigus
1793 1465 1870 1522 ad
1897 1484 2046 1539 ossa,
2135 1502 2142 1508 -
2263 1485 2355 1538 355

545 1553 709 1629 quod
737 1555 848 1612 nisi
875 1555 1070 1612 inania
1096 1556 1226 1628 sint,
1258 1574 1376 1630 qua
1402 1556 1627 1631 possint
1655 1575 1903 1630 corpora
1930 1574 2198 1631 quaeque

544 1646 784 1703 transire
800 1648 828 1704 P
869 1645 1029 1704 haud
1058 1647 1173 1703 ulla
1200 1647 1324 1704 fieri
1352 1648 1576 1704 ratione
1605 1646 1851 1704 videres.

546 1736 804 1812 denique
834 1756 939 1794 cur
963 1737 1101 1794 alias
1129 1737 1252 1794 aliis
1281 1747 1571 1812 praestare
1601 1736 1866 1796 videmus

543 1827 810 1904 pondere
839 1847 930 1886 res
958 1829 1130 1886 rebus
1158 1828 1278 1886 nilo
1309 1829 1527 1885 maiore
1558 1828 1781 1902 figura?

545 1938 686 1977 nam
714 1920 762 1978 si
789 1917 1188 1976 tantundemst
1216 1919 1277 1976 in
1305 1919 1471 1975 lanae
1501 1919 1759 1992 glomere
1789 1929 2072 1993 quantum
2263 1927 2360 1990 360

546 2011 806 2085 corporis
835 2011 896 2067 in
924 2009 1169 2085 plumbo
1200 2019 1304 2080 est,
1337 2008 1685 2066 tantundem
1713 2009 1973 2084 pendere
2002 2029 2107 2085 par
2135 2020 2239 2080 est,

545 2102 806 2176 corporis
835 2101 1148 2158 officiumst
1177 2102 1459 2174 quoniam
1485 2117 1750 2174 premere
1781 2101 1979 2158 omnia
2007 2100 2300 2172 deorsum,

545 2201 750 2249 contra
777 2201 973 2249 autem
1001 2201 1206 2249 natura
1232 2199 1431 2248 manet
1460 2191 1583 2248 sine
1613 2190 1877 2265 pondere
1908 2192 2109 2251 inanis,

545 2303 687 2360 ergo
715 2284 881 2358 quod
909 2293 1244 2360 magnumst
1271 2301 1461 2359 aeque
1491 2284 1788 2358 leviusque
1817 2283 2060 2357 videtur,

541 2376 816 2434 nimirum
843 2377 974 2451 plus
1001 2393 1130 2433 esse
1160 2376 1270 2433 sibi
1297 2373 1555 2432 declarat
1582 2375 1766 2432 inanis
1786 2395 1805 2447 ;
2263 2381 2356 2446 365

542 2476 604 2525 at
631 2476 834 2524 contra
860 2466 1089 2542 gravius
1115 2466 1244 2540 plus
1273 2467 1333 2522 in
1363 2484 1426 2523 se
1456 2466 1715 2540 corporis
1744 2483 1871 2524 esse

543 2556 783 2616 dedicat
810 2566 871 2615 et
897 2557 1082 2615 multo
1110 2556 1278 2613 vacui
1309 2557 1501 2614 minus
1529 2557 1681 2614 intus
1710 2556 1941 2614 habere.

542 2658 633 2707 est
659 2650 832 2724 igitur
857 2647 1128 2705 nimirum
1157 2646 1218 2704 id
1249 2646 1412 2721 quod
1439 2647 1661 2704 ratione
1692 2647 1883 2721 sagaci

542 2741 894 2815 quaerimu5‚
925 2738 1248 2796 admixtum
1276 2739 1467 2808 rebuS,
1500 2737 1662 2812 quod
1692 2738 1863 2795 inane
1891 2755 2187 2795 vocamus,

624 2829 780 2888 Illud
808 2830 868 2887 in
897 2829 986 2888 his
1015 2829 1186 2887 rebus
1215 2847 1290 2886 ne
1319 2838 1376 2885 te
1408 2828 1703 2886 deducere
1733 2846 1870 2885 vero
2263 2847 2362 2898 370

542 2921 746 2996 possit,
778 2920 941 2994 quod
971 2919 1213 2994 quidam
1242 2920 1487 2994 fingunt,
1518 2936 1886 2993 praecurrere
1917 2936 2114 2992 cogor.

544 3011 758 3070 cedere
790 3010 1168 3085 squamigeris
1197 3010 1395 3067 latices
1426 3009 1741 3066 nitentibus
1769 3009 1931 3066 aiunt

545 3112 604 3160 et
629 3101 880 3176 liquidas
910 3101 1133 3175 aperire
1162 3101 1298 3171 viaS,
1330 3101 1467 3173 quia
1494 3108 1629 3174 post
1655 3099 1786 3156 loca
1812 3099 2004 3174 pisces

544 3193 827 3267 linquant,
859 3209 983 3266 quo·
1005 3191 1230 3266 possint
1257 3190 1538 3248 cedentes
1568 3190 1861 3247 confluere
1891 3189 2085 3247 undae
2107 3208 2127 3262 3

546 3284 628 3341 sic
656 3283 797 3340 alias
824 3300 1061 3357 quoque
1089 3300 1181 3339 res
1209 3283 1358 3339 inter
1385 3299 1448 3338 se
1478 3299 1650 3356 posse
1681 3281 1902 3338 moveri
2262 3296 2357 3347 375

547 3383 606 3430 et
634 3383 857 3431 mutare
885 3373 1101 3445 locum,
1132 3372 1394 3446 quamvis
1423 3373 1537 3430 sint
1564 3372 1762 3429 omnia
1789 3371 1981 3447 plena.

548 3464 770 3522 scilicet
798 3463 859 3521 id
888 3464 1027 3522 falsa
1054 3473 1242 3521 totum
1270 3463 1495 3520 ratione
1525 3472 1896 3537 receptumst.

547 3575 684 3614 nam
713 3574 834 3630 quo
863 3556 1211 3630 squamigeri
1238 3564 1514 3629 poterunt
1542 3553 1863 3628 procedere
1892 3548 2147 3619 tandem,
