2784 3992
466 275 599 346 1v.]
941 276 1063 340 DE
1117 276 1409 335 RERUM
1466 277 1808 329 NATURA
2162 280 2280 344 107

461 457 621 497 nunc
650 457 725 497 ea
752 456 904 513 quae
933 436 1071 495 dico
1100 455 1292 494 rerum
1322 437 1632 494 simulacra
1659 438 1918 495 feruntur
1960 458 1966 463 ·

463 530 725 604 undique
755 539 815 586 et
844 530 903 585 in
934 537 1173 585 cunctas
1204 528 1493 585 iaciuntur
1521 527 1708 585 didita
1735 529 1912 602 partis
1934 550 1952 601 3
2185 551 2282 598 240

462 639 662 677 verum
692 638 801 678 nos
830 619 1013 677 oculis
1042 619 1179 693 quia
1208 618 1342 676 solis
1372 636 1610 675 cernere
1641 620 1890 692 quimuS,

463 723 775 786 propterea
803 711 867 767 fit
894 710 993 780 uti,
1024 710 1284 784 speciem
1316 728 1437 783 quo
1466 709 1758 781 vertimuS,
1790 728 1997 768 omnes

462 819 553 859 res
581 802 662 858 ibi
694 819 827 858 eam
857 809 1060 858 contra
1089 800 1295 863 feriant
1324 800 1513 857 forma
1541 810 1716 874 atque
1747 802 1962 860 colore.

465 902 522 949 et
552 902 837 966 quantum
869 908 1138 965 quaeque
1169 892 1243 948 ab
1272 890 1444 948 nobis
1473 908 1564 948 res
1594 891 1761 963 absit,
1792 892 1988 967 imago

464 982 640 1040 efficit
666 992 732 1040 ut
759 982 1063 1039 videamus
1092 991 1151 1038 et
1179 982 1575 1039 internoscere
1607 992 1768 1039 curat
1789 1004 1806 1053 3
2188 1000 2279 1053 245

462 1091 597 1130 nam
628 1091 768 1131 cum
799 1072 1060 1143 mittitur,
1093 1073 1389 1147 extemplo
1421 1072 1713 1147 protrudit
1741 1074 1976 1148 agitque

462 1164 596 1220 aera
624 1164 726 1237 qui
754 1163 903 1220 inter
930 1180 993 1220 se
1022 1181 1279 1238 eumque
1309 1174 1398 1221 est
1427 1164 1750 1237 oculosque
1780 1164 2025 1235 locatuS,

462 1252 627 1328 isque
658 1254 741 1311 ita
767 1272 875 1328 per
902 1263 1125 1312 nostras
1155 1255 1312 1329 acies
1341 1254 1659 1329 perlabitur
1687 1255 1880 1313 omnis

463 1354 522 1401 et
550 1344 719 1419 quasi
741 1354 1032 1420 perterget
1061 1346 1307 1420 pupillas
1336 1354 1513 1419 atque
1544 1345 1624 1401 ita
1651 1346 1872 1403 transit.

461 1446 775 1511 propterea
801 1435 865 1493 fit
893 1436 975 1493 uti
1004 1435 1305 1493 videamus
1334 1453 1515 1510 quam
1543 1436 1751 1510 procul
1778 1436 1928 1493 absit
2190 1453 2284 1506 250

463 1545 552 1584 res
581 1544 872 1601 quaeque.
904 1535 963 1583 et
990 1536 1209 1601 quanto
1239 1526 1368 1601 plus
1399 1526 1546 1583 aeris
1575 1534 1710 1583 ante
1739 1527 1988 1601 agitatur

463 1627 521 1675 et
548 1627 781 1675 nostros
810 1617 1013 1675 oculos
1043 1626 1333 1691 perterget
1360 1617 1590 1691 longior
1617 1635 1773 1688 aura,

462 1718 581 1766 tam
609 1709 817 1784 procul
846 1726 973 1766 esse
1004 1709 1186 1783 magis
1216 1726 1307 1765 res
1337 1726 1608 1783 quaeque
1643 1719 1870 1766 remota
1896 1707 2144 1767 videtur.

463 1800 683 1858 scilicet
712 1800 860 1857 haec
890 1817 1117 1856 summe
1147 1799 1321 1856 celeri
1350 1799 1573 1856 ratione
1603 1808 1900 1873 geruntur,

463 1891 631 1965 quale
662 1891 735 1948 sit
763 1900 827 1947 ut
855 1889 1154 1947 videamus
1184 1899 1243 1946 et
1270 1908 1388 1946 una
1416 1908 1590 1963 quam
1621 1890 1828 1964 procul
1856 1890 2022 1949 absit.
2190 1908 2281 1961 255
2351 1918 2356 1921 ·

462 1981 600 2039 illud
629 1981 691 2039 in
721 1981 809 2038 his
838 1981 1009 2038 rebus
1039 1981 1280 2038 minime
1308 1980 1570 2038 mirabile
1601 1980 2016 2055 habendumst,

463 2091 581 2145 cur,
614 2090 687 2129 ea
714 2089 864 2146 quae
895 2071 1103 2128 feriant
1131 2072 1335 2129 oculos
1364 2072 1672 2128 simulacra
1698 2071 1883 2128 videri

463 2162 687 2237 singula
714 2181 851 2219 cum
881 2171 1195 2236 nequeant,
1226 2180 1317 2219 res
1346 2162 1508 2236 ipsae
1538 2161 1984 2236 perspiciantur.

461 2263 669 2310 ventus
698 2253 856 2310 enim
885 2271 1125 2327 quoque
1153 2252 1435 2328 paulatim
1465 2271 1601 2309 cum
1629 2252 1894 2309 verberat
1925 2262 1983 2309 et
2013 2272 2151 2311 cum

462 2362 595 2401 acre
625 2342 749 2400 fluit
775 2344 968 2418 friguS,
998 2361 1121 2401 non
1149 2344 1371 2418 privam
1403 2361 1698 2417 quamque
1728 2343 1986 2401 solemus
2177 2350 2272 2400 260

461 2434 806 2509 particulam
836 2434 994 2491 venti
1024 2434 1239 2491 sentire
1269 2443 1329 2491 et
1355 2434 1579 2508 frigoris
1611 2434 1755 2505 eius,

462 2523 569 2582 sed
602 2524 785 2599 magis
813 2543 1115 2596 unorsum,
1145 2524 1386 2599 fierique
1418 2523 1662 2599 perinde
1691 2522 1962 2582 videmus

461 2632 712 2690 corpore
742 2624 868 2672 tum
896 2615 1095 2689 plagas
1125 2614 1185 2672 in
1212 2624 1412 2672 nostro
1443 2624 1562 2672 tam
1592 2633 1769 2689 quam
1799 2614 2025 2689 aliquae
2055 2634 2146 2674 res

460 2706 727 2764 verberet
756 2715 932 2779 atque
962 2705 1050 2763 sui
1080 2704 1181 2762 det
1210 2724 1446 2763 sensum
1477 2705 1737 2780 corporis
1767 2714 1944 2762 extra.

460 2806 765 2872 praeterea
791 2794 1048 2870 lapidem
1077 2794 1258 2870 digito
1288 2815 1426 2852 cum
1454 2795 1771 2862 tundimus,
1802 2794 1996 2869 ipsum
2189 2805 2279 2869 265

460 2887 755 2961 tangimus
785 2896 1114 2944 extremum
1145 2888 1266 2943 saxi
1295 2903 1706 2960 summumque
1737 2886 2017 2958 colorem,

460 2996 579 3035 nec
608 2978 889 3035 sentimus
920 2995 1056 3034 eum
1085 2986 1264 3049 tactu,
1295 2994 1495 3034 verum
1525 2977 1708 3052 magis
1739 2977 1926 3051 ipsam

460 3067 740 3125 duritiem
767 3068 1001 3143 penitus
1031 3068 1150 3125 saxi
1184 3068 1466 3125 sentimus
1497 3067 1556 3124 in
1585 3068 1721 3125 alto,

547 3159 728 3215 Nunc
756 3176 883 3233 age,
915 3176 1020 3215 cur
1048 3158 1193 3215 ultra
1221 3159 1526 3232 speculum
1554 3158 1820 3215 videatur
1848 3158 2045 3233 imago

458 3249 707 3326 percipe
729 3270 747 3322 3
789 3267 927 3305 nam
956 3258 1113 3306 certe
1142 3249 1374 3323 penitus
1404 3258 1634 3306 semota
1659 3248 1906 3306 videtur.
2190 3270 2281 3315 270

461 3339 631 3417 quod
658 3358 843 3415 genus
871 3340 966 3397 illa
994 3340 1130 3397 foris
1160 3357 1310 3414 quae
1340 3358 1475 3396 vere
1505 3340 1974 3414 transpiciuntur,

460 3432 641 3490 ianua
670 3448 805 3487 cum
834 3448 940 3506 per
967 3448 1031 3489 se
1059 3440 1456 3506 transpectum
1485 3432 1727 3504 praebet
1754 3440 2042 3504 apertum,

460 3523 650 3583 multa
677 3522 929 3597 facitque
958 3521 1095 3579 foris
1124 3539 1200 3579 ex
1227 3520 1470 3578 aedibus
1498 3530 1563 3577 ut
1590 3520 1913 3578 videantur.
