2784 3992
474 324 577 400 v.]
955 327 1065 380 DE
1118 326 1410 380 RERUM
1467 324 1812 381 NATURA
2166 328 2284 395 173

473 490 589 547 sive
618 491 765 547 feras
794 488 1117 546 interficere
1146 496 1207 545 et
1234 486 1521 545 ditescere
1551 485 1788 562 praeda.

473 599 605 637 nam
634 581 803 638 fovea
833 588 1009 653 atque
1041 579 1160 653 igni
1187 579 1345 653 prius
1375 588 1464 635 est
1491 578 1753 636 venarier
1779 588 1971 637 ortum
2161 599 2288 652 1250

473 689 647 745 quam
674 670 901 745 saepire
929 669 1112 745 plagis
1142 669 1351 726 saltum
1380 669 1743 743 canibusque
1773 668 1948 728 ciere.

472 760 758 835 quidquid
788 759 852 818 id
878 768 983 829 est,
1014 777 1388 834 quacumque
1420 776 1453 815 e
1484 777 1663 817 causa
1691 758 1992 818 flammeus
2021 758 2196 819 ardor

474 852 725 910 horribili
752 851 947 909 sonitu
976 850 1145 908 silvas
1174 850 1450 907 exederat
1480 850 1608 908 altis

473 943 547 1001 ab
573 942 867 1000 radicibus
896 950 955 999 et
983 951 1193 998 terram
1228 950 1572 1015 percoxerat
1600 940 1737 1015 igni,

474 1034 745 1091 manabat
770 1032 933 1089 venis
962 1031 1313 1089 ferventibus
1340 1032 1400 1088 in
1430 1031 1561 1088 loca
1587 1041 1773 1089 terrae
2165 1050 2251 1104 125
2258 1051 2285 1103 5

472 1141 729 1181 concava
757 1122 1112 1180 conveniens
1141 1122 1361 1197 argenti
1389 1121 1543 1178 rivus
1573 1130 1632 1179 et
1662 1122 1803 1194 auri,

470 1214 616 1271 aeris
644 1214 784 1270 item
815 1222 874 1270 et
900 1212 1143 1287 plumbi.
1175 1229 1327 1287 quae
1356 1230 1494 1268 cum
1524 1221 1803 1269 concreta
1829 1211 2110 1272 videbant

472 1304 763 1379 posterius
793 1303 950 1359 claro
980 1303 1037 1360 in
1069 1312 1221 1359 terra
1248 1301 1558 1377 splendere
1589 1302 1805 1373 colore,

472 1394 753 1451 tollebant
780 1392 968 1450 nitido
998 1393 1156 1467 capti
1183 1392 1413 1467 levique
1441 1392 1660 1467 lepore,

474 1493 533 1542 et
560 1483 728 1541 simili
757 1483 1002 1541 formata
1028 1482 1307 1540 videbant
1334 1500 1464 1540 esse
1493 1482 1680 1558 figura
2163 1492 2289 1541 1260

471 1584 646 1650 atque
674 1575 1012 1631 lacunarum
1042 1573 1267 1631 fuerant
1293 1572 1536 1647 vestigia
1562 1572 1795 1648 cuique.

470 1674 595 1723 tum
622 1664 967 1739 penetrabat
995 1682 1098 1721 eos
1127 1681 1301 1738 posse
1334 1664 1483 1721 haec
1514 1664 1829 1738 liquefacta
1855 1662 2048 1722 calore

472 1755 791 1831 quamlibet
818 1755 879 1813 in
908 1754 1156 1833 formam
1185 1763 1245 1812 et
1274 1754 1487 1811 faciem
1517 1752 1825 1812 decurrere
1853 1772 2050 1812 rerum

472 1856 532 1905 et
556 1864 823 1924 prorsum
853 1844 1119 1919 quamvis
1147 1844 1209 1901 in
1236 1853 1410 1902 acuta
1437 1863 1507 1901 ac
1537 1844 1731 1902 tenvia
1757 1862 1932 1919 posse

472 1954 827 1995 mucronum
857 1934 996 1993 duci
1025 1935 1249 2010 fastigia
1275 1933 1686 2009 procudendo,
2165 1944 2284 2005 1265

471 2036 537 2085 ut
562 2028 673 2087 sibi
701 2026 818 2085 tela
844 2025 1069 2098 darent,
1098 2026 1384 2099 silvasque
1415 2035 1478 2082 ut
1506 2024 1754 2083 caedere
1783 2035 2024 2101 possent

472 2119 893 2192 materiemque
924 2116 1124 2175 dolare
1154 2124 1213 2174 et
1240 2116 1389 2173 levia
1417 2115 1620 2174 radere
1649 2115 1812 2191 tigna

472 2217 532 2268 et
557 2209 846 2267 terebrare
876 2207 1053 2265 etiam
1082 2225 1152 2264 ac
1180 2205 1533 2282 pertundere
1561 2224 1785 2283 perque
1814 2208 2021 2266 forare.

472 2318 582 2358 nec
610 2300 803 2358 minus
830 2306 1074 2375 argento
1101 2298 1293 2355 facere
1323 2297 1472 2355 haec
1501 2315 1762 2372 auroque
1790 2298 2075 2373 parabant

473 2408 650 2467 quam
678 2388 855 2447 validi
883 2389 1136 2465 primum
1164 2387 1433 2445 violentis
1460 2387 1674 2446 viribus
1701 2388 1868 2459 aeris,
2165 2408 2287 2454 1270

473 2481 851 2557 nequiquam,
883 2479 1163 2555 quoniam
1193 2476 1445 2536 cedebat
1473 2478 1628 2535 victa
1654 2486 1916 2553 potestas

472 2590 584 2630 nec
611 2578 842 2646 poterat
869 2570 1083 2645 pariter
1110 2568 1321 2627 durum
1351 2567 1585 2626 sufferre
1613 2568 1892 2629 laborem.

472 2672 596 2720 tum
626 2662 732 2719 fuit
760 2661 821 2718 in
848 2660 1041 2735 pretio
1075 2660 1259 2735 magis
1288 2677 1386 2717 aes
1415 2677 1737 2734 aurumque
1766 2659 1994 2717 iacebat

475 2762 713 2828 propter
739 2750 1104 2809 inutilitatem
1133 2750 1331 2809 hebeti
1359 2767 1642 2807 mucrone
1671 2760 1947 2807 retusum.

474 2861 630 2901 nunc
644 2843 796 2899 iacet
811 2859 930 2913 aes,
943 2858 1145 2899 aurum
1162 2841 1223 2899 in
1234 2858 1532 2899 summum
1542 2841 1820 2899 successit
1843 2840 2144 2899 honorem.
2162 2863 2184 2898 1
2194 2862 2286 2915 275

475 2934 557 2991 sic
583 2931 874 2991 volvenda
900 2941 1059 2989 aetas
1087 2940 1413 2989 commutat
1441 2941 1712 3007 tempora
1738 2949 1949 2990 rerum.

475 3022 636 3101 quod
666 3023 771 3081 fuit
798 3023 857 3079 in
884 3023 1093 3098 pretio,
1122 3023 1187 3080 fit
1213 3023 1373 3081 nullo
1402 3021 1660 3097 denique
1689 3021 1911 3081 honore
1933 3042 1952 3096 3

476 3132 649 3190 porro
678 3114 817 3171 aliut
843 3112 1106 3171 succedit
1136 3122 1196 3171 et
1224 3131 1257 3171 e
1288 3113 1726 3187 contemptibus
1755 3112 1876 3170 exit

476 3212 653 3283 inque
682 3205 809 3264 dies
838 3206 1020 3282 magis
1047 3205 1339 3281 adpetitur
1363 3206 1650 3280 floretque
1677 3214 1970 3280 repertum

476 3297 744 3356 laudibus
772 3307 830 3355 et
858 3298 1006 3355 miro
1036 3307 1123 3355 est
1152 3297 1409 3355 mortalis
1438 3298 1588 3353 inter
1623 3297 1862 3354 honore.
2164 3302 2286 3352 1280

558 3390 738 3447 Nunc
766 3388 870 3446 tibi
899 3405 1018 3464 quo
1046 3396 1222 3464 pacto
1250 3387 1381 3445 ferri
1411 3397 1614 3445 natura
1641 3395 1872 3462 reperta

481 3479 551 3537 sit
577 3479 799 3537 facilest
826 3478 932 3553 ipsi
962 3497 1067 3554 per
1094 3488 1151 3536 te
1181 3495 1556 3553 cognoscere,
1589 3477 1858 3535 Memmi.

484 3588 641 3628 arma
667 3569 905 3647 antiqua
930 3587 1137 3628 manus
1166 3587 1391 3643 ungues
1421 3567 1745 3643 dentesque
1775 3567 2004 3623 fuerunt
