2784 3992
463 355 540 426 L]
936 355 1047 408 DE
1100 354 1390 407 RERUM
1448 353 1793 408 NATURA
2188 355 2225 404 2
2235 354 2267 420 5

458 535 591 576 ossa
617 517 892 577 videlicet
919 535 954 575 e
981 517 1244 592 pauxillis
1275 526 1449 590 atque
1478 517 1715 575 minutis
2173 525 2268 590 835

458 610 686 668 ossibus
715 609 810 667 hic
841 619 900 666 et
929 607 1005 665 de
1035 608 1297 682 pauxillis
1327 618 1502 682 atque
1533 608 1769 666 minutis

457 701 770 759 visceribus
798 701 990 757 viscus
1019 699 1176 773 gigni
1199 716 1578 773 sanguenque
1609 700 1789 756 creari

458 791 749 866 sanguinis
780 791 928 847 inter
955 808 1016 847 se
1049 790 1240 846 multis
1267 789 1605 847 coeuntibu'
1635 790 1812 864 guttis

459 900 533 939 ex
559 882 799 955 aurique
828 889 995 955 putat
1023 881 1188 936 micis
1219 881 1539 937 consistere
1568 898 1743 955 posse

457 990 661 1029 aurum
691 981 750 1028 et
777 970 852 1027 de
883 971 1044 1027 terris
1073 979 1282 1026 terram
1311 988 1696 1028 concrescere
1725 971 1934 1046 parvis,
2173 979 2272 1040 840

456 1062 686 1136 ignibus
713 1079 788 1118 ex
820 1061 986 1135 ignis,
1017 1078 1283 1118 umorem
1307 1061 1607 1119 umoribus
1636 1079 1785 1134 esse,

457 1161 651 1209 cetera
681 1151 966 1209 consimili
995 1151 1160 1226 fingit
1186 1151 1411 1209 ratione
1439 1160 1742 1226 putatque.

456 1260 568 1300 nec
596 1252 795 1300 tamen
826 1259 952 1300 esse
981 1242 1096 1298 ulla
1123 1252 1282 1316 parte
1316 1242 1476 1299 idem
1505 1242 1566 1300 in
1592 1243 1767 1300 rebus
1796 1242 1967 1300 inane

456 1332 735 1390 concedit
761 1350 953 1407 neque
984 1333 1328 1406 corporibus
1356 1332 1537 1390 finem
1564 1350 1692 1390 esse
1722 1332 2008 1392 secandis,

454 1440 634 1498 quare
664 1424 725 1480 in
753 1434 996 1497 utraque
1026 1422 1167 1479 mihi
1195 1423 1411 1497 pariter
1437 1424 1661 1481 ratione
1689 1423 1919 1482 videtur
2172 1432 2267 1495 845

454 1531 641 1572 errare
670 1523 846 1588 atque
875 1513 969 1585 illi,
1000 1531 1175 1588 supra
1203 1531 1352 1588 quos
1381 1513 1633 1571 diximus
1662 1524 1817 1573 ante.

453 1604 611 1663 adde
639 1603 805 1680 quod
833 1604 1102 1662 inbecilla
1129 1605 1300 1661 nimis
1327 1604 1647 1678 primordia
1675 1605 1838 1680 fingit
1858 1625 1876 1678 ;

453 1696 502 1753 si
529 1695 848 1770 primordia
876 1704 1028 1766 sunt,
1058 1694 1226 1752 simili
1255 1713 1409 1769 quae
1437 1694 1700 1769 praedita
1728 1705 1999 1754 constant

452 1796 658 1844 natura
684 1796 860 1860 atque
889 1786 1049 1860 ipsae
1077 1803 1170 1842 res
1199 1794 1334 1842 sunt
1362 1803 1669 1860 aequeque
1698 1787 1962 1844 laborant

452 1887 513 1935 et
539 1885 790 1952 pereunt
817 1894 1012 1951 neque
1042 1877 1118 1934 ab
1146 1876 1324 1934 exitio
1352 1895 1445 1934 res
1474 1876 1589 1933 ulla
1616 1877 1882 1936 refrenat.
2172 1884 2271 1951 850

451 1986 588 2025 nam
618 1967 761 2042 quid
791 1967 850 2025 in
879 1984 1166 2042 oppressu
1194 1965 1388 2025 valido
1420 1965 1649 2025 durabit
1677 1986 1901 2040 eorum,

451 2069 518 2116 ut
543 2069 796 2116 mortem
825 2057 1077 2132 effugiat,
1108 2057 1207 2115 leti
1235 2058 1345 2116 sub
1375 2056 1649 2116 dentibus
1679 2058 1861 2134 ipsis?

450 2150 601 2226 ignis
629 2167 706 2206 an
732 2166 903 2206 umor
929 2167 1004 2206 an
1034 2149 1212 2206 aura?
1245 2147 1391 2223 quid
1420 2148 1669 2208 horum?
1707 2167 1968 2225 sanguen
1995 2169 2071 2208 an
2100 2151 2274 2208 ossa?

450 2241 550 2314 nil,
580 2250 646 2298 ut
672 2240 900 2315 opinor,
930 2240 1030 2298 ubi
1059 2257 1134 2296 ex
1160 2257 1352 2313 aequo
1379 2257 1473 2298 res
1501 2239 1759 2298 funditus
1787 2241 1976 2299 omnis

449 2341 572 2390 tarn
602 2331 860 2390 mortalis
891 2331 996 2388 erit
1025 2347 1202 2404 quam
1231 2347 1382 2405 quae
1414 2330 1719 2388 manifesta
1745 2330 2013 2390 videmus
2174 2339 2267 2402 855

450 2441 526 2481 ex
553 2423 741 2480 oculis
769 2421 980 2480 nostris
1009 2421 1201 2496 aliqua
1226 2420 1283 2479 vi
1311 2421 1467 2478 victa
1494 2421 1701 2496 perire.

450 2524 510 2572 at
536 2530 732 2587 neque
760 2512 1059 2570 reccidere
1087 2510 1166 2570 ad
1193 2511 1376 2569 nilum
1404 2529 1497 2569 res
1524 2529 1697 2586 posse
1728 2529 1922 2588 neque
1951 2522 2147 2571 autem

451 2621 716 2662 crescere
746 2603 822 2661 de
851 2604 972 2662 nilo
1001 2612 1184 2663 testor
1209 2621 1300 2661 res
1329 2611 1467 2660 ante
1494 2602 1787 2678 probatas,

449 2704 754 2770 praeterea
779 2693 1058 2769 quoniam
1087 2695 1252 2753 cibus
1282 2703 1459 2769 auget
1485 2711 1700 2768 corpus
1729 2694 1965 2770 alitque,

450 2787 596 2844 scire
624 2785 764 2843 licet
789 2785 960 2843 nobis
987 2803 1164 2843 venas
1193 2795 1253 2843 et
1281 2802 1543 2861 sanguen
1568 2792 1630 2842 et
1657 2802 1791 2843 ossa
2174 2791 2275 2842 860

451 2966 571 3025 sive
600 2965 770 3024 cibos
801 2965 992 3024 omnis
1022 2966 1345 3024 commixto
1376 2983 1626 3042 corpore
1656 2964 1859 3026 dicent

453 3075 578 3115 esse
608 3066 671 3114 et
699 3056 912 3114 habere
943 3057 1004 3113 in
1033 3074 1094 3114 se
1123 3075 1437 3115 nervorum
1469 3074 1718 3133 corpora
1745 3075 1925 3132 parva

452 3165 704 3221 ossaque
735 3156 794 3205 et
824 3147 1065 3205 omnino
1092 3165 1271 3206 venas
1301 3149 1598 3223 partisque
1631 3148 1870 3221 cruoriS,

451 3238 554 3296 fiet
583 3238 666 3296 uti
695 3237 860 3296 cibus
889 3238 1099 3310 omniS‚
1131 3248 1190 3297 et
1210 3238 1405 3297 aridus
1435 3248 1495 3296 et
1522 3239 1712 3314 liquor
1740 3240 1886 3315 ipse,

453 3347 526 3387 ex
553 3328 894 3404 alienigenis
921 3329 1095 3387 rebus
1125 3339 1392 3388 constare
1421 3338 1674 3405 putetur,
2177 3334 2271 3398 865

451 3420 682 3480 ossibus
711 3429 771 3477 et
799 3420 988 3478 nervis
1016 3420 1294 3495 sanieque
1325 3430 1384 3478 et
1412 3420 1693 3496 sanguine
1724 3413 1925 3478 mixto.

449 3521 759 3586 praeterea
783 3528 1191 3585 quaecumque
1221 3528 1255 3568 e
1285 3520 1435 3568 terra
1462 3529 1713 3586 corpora
1740 3519 2013 3569 crescunt

450 3600 500 3661 si
527 3611 664 3662 sunt
690 3601 754 3660 in
781 3601 964 3674 terriS,
991 3610 1205 3660 terram
1233 3611 1503 3660 constare
1533 3610 1830 3660 necessest
