2784 3992
533 327 615 398 1.]
1013 327 1122 380 DE
1175 329 1469 381 RERUM
1524 329 1867 382 NATURA
2267 337 2334 398 13

530 500 595 548 ut
623 507 827 548 verear
853 507 928 547 ne
957 488 1120 547 tarda
1145 489 1304 564 prius
1332 507 1440 563 per
1466 491 1731 547 membra
1756 501 2025 550 senectus

530 590 727 655 serpat
755 590 815 637 et
841 581 902 637 in
931 580 1098 638 nobis
1125 580 1261 638 vitai
1291 581 1536 638 claustra
1564 581 1829 653 resolvat,
2242 603 2335 655 415

530 690 605 746 qu
613 690 708 728 am
737 671 841 729 tibi
871 669 948 728 de
977 671 1176 744 quavis
1203 689 1322 728 una
1348 688 1411 727 re
1440 671 1697 729 versibus
1728 672 1916 729 omnis

529 771 1002 836 argumentorum
1033 761 1104 818 sit
1133 762 1306 835 copia
1332 761 1509 818 missa
1535 780 1641 836 per
1668 763 1835 821 auris·

611 851 729 910 Sed
757 871 917 909 nunc
946 861 1010 910 ut
1034 862 1296 925 repetam
1325 862 1604 925 coeptum
1633 863 1931 926 pertexere
1960 853 2147 926 dictis,

529 944 738 1014 omniS,
769 939 834 1000 ut
862 952 968 1012 est,
999 942 1170 1017 igitur
1195 961 1302 1016 per
1329 961 1391 999 se
1421 952 1626 999 natura
1654 942 1881 1001 duabus

528 1034 788 1092 constitit
814 1033 875 1090 in
902 1033 1074 1090 rebus
1096 1053 1112 1104 3
1156 1051 1293 1090 nam
1322 1051 1569 1107 corpora
1596 1044 1729 1091 sunt
1758 1044 1816 1091 et
1843 1035 2035 1106 inane,
2238 1059 2334 1105 420

528 1123 675 1181 haec
703 1124 763 1181 in
793 1142 914 1198 quo
942 1123 1050 1180 sita
1077 1132 1210 1180 sunt
1239 1132 1298 1180 et
1325 1141 1443 1197 qua
1471 1123 1696 1180 diversa
1724 1136 2039 1182 moventur.

527 1233 740 1293 (κῃ-ρης
769 1215 928 1272 enim
957 1232 1150 1292 per-sp
1182 1215 1513 1271 communis
1542 1213 1780 1272 dedicat
1807 1233 1931 1273 esse

527 1323 732 1362 sensus
755 1325 770 1376 ;
817 1304 913 1372 cui
939 1295 1048 1361 nisi
1079 1304 1266 1378 prima
1294 1303 1444 1362 fides
1472 1304 1713 1362 fundata
1738 1307 1965 1380 valebit,

526 1395 667 1453 haut
696 1395 802 1452 erit
829 1394 1076 1452 occultis
1104 1393 1179 1451 de
1209 1396 1382 1453 rebus
1413 1414 1531 1469 quo
1560 1397 1870 1454 referentes

524 1486 868 1543 confirmare
898 1485 1076 1542 animi
1104 1485 1422 1559 quicquam
1450 1486 1673 1544 ratione
1704 1505 1998 1561 queamus,
2232 1512 2323 1564 425

522 1587 651 1634 tum
679 1594 851 1650 porro
879 1575 1043 1632 locus
1071 1594 1142 1632 ac
1171 1577 1441 1650 spatium,
1473 1577 1637 1652 quod
1666 1578 1832 1634 inane
1862 1598 2153 1655 vocamus,

521 1668 570 1725 si
598 1667 819 1724 nullum
850 1667 1014 1736 foret,
1045 1665 1185 1723 haut
1213 1684 1463 1741 usquam
1492 1668 1599 1725 sita
1626 1686 1870 1742 corpora
1895 1680 2131 1744 possent

521 1776 650 1816 esse
678 1775 872 1832 neque
901 1756 1144 1814 omnino
1175 1775 1475 1832 quoquam
1505 1757 1729 1816 diversa
1755 1777 1945 1816 meare
1968 1781 1983 1832 ;

519 1849 581 1907 id
612 1847 775 1923 quod
803 1848 919 1904 iam
947 1865 1158 1922 supera
1185 1848 1289 1905 tibi
1316 1849 1492 1922 paulo
1522 1849 1879 1908 ostendimus
1908 1860 2058 1910 ante.

517 1949 819 2015 praeterea
845 1938 925 1995 nil
953 1947 1042 1995 est
1071 1937 1234 2012 quod
1261 1939 1451 2012 possis
1479 1938 1675 1996 dicere
1704 1941 1777 1998 ab
1806 1943 1965 1998 omni
2230 1967 2326 2017 430

518 2048 766 2106 corpore
795 2029 1124 2086 seiunctum
1153 2038 1564 2103 secretumque
1593 2048 1719 2088 esse
1749 2032 1822 2089 ab
1850 2032 2023 2106 inani,

517 2120 681 2194 quod
710 2119 877 2194 quasi
905 2119 1074 2176 tertia
1101 2119 1173 2176 sit
1200 2137 1448 2177 numero
1476 2129 1683 2178 natura
1708 2132 1951 2197 reperta.

516 2230 654 2268 nam
685 2209 1106 2285 quodcumque
1137 2209 1260 2281 erit,
1291 2228 1420 2268 esse
1451 2210 1670 2286 aliquid
1698 2211 1935 2270 debebit
1964 2213 2025 2271 id
2053 2214 2242 2290 ipsum
2263 2238 2281 2289 3

517 2302 614 2359 cui
641 2302 690 2359 si
716 2311 906 2359 tactus
935 2300 1043 2358 erit
1072 2301 1336 2374 quamvis
1363 2301 1506 2359 levis
1536 2302 1910 2377 exiguusque,

516 2393 788 2468 augmine
817 2393 908 2450 vel
935 2389 1144 2468 grandi
1169 2392 1261 2449 vel
1288 2409 1468 2466 parvo
1498 2391 1772 2467 denique,
1794 2393 1937 2451 dum
1965 2394 2053 2467 sit,
2230 2417 2292 2468 43
2297 2417 2324 2469 5

515 2483 775 2559 corporis
804 2483 1040 2558 augebit
1069 2500 1382 2541 numerum
1412 2501 1818 2558 summamque
1848 2495 2132 2559 sequetur.

515 2574 604 2632 sin
633 2573 886 2632 intactile
916 2573 1042 2645 erit,
1073 2573 1235 2630 nulla
1263 2571 1342 2630 de
1371 2582 1535 2648 parte
1564 2574 1724 2648 quod
1755 2575 1926 2632 ullam

513 2684 639 2722 rem
666 2665 974 2741 prohibere
1003 2674 1182 2739 queat
1210 2682 1318 2739 per
1345 2681 1409 2720 se
1440 2664 1678 2722 transire
1707 2675 2018 2738 meantem,

514 2757 737 2813 scilicet
764 2755 878 2813 hoc
905 2754 969 2814 id
995 2755 1120 2827 erit,
1150 2773 1403 2812 vacuum
1433 2754 1597 2830 quod
1625 2755 1798 2813 inane
1827 2775 2125 2817 vocamus·

513 2855 815 2921 praeterea
840 2865 947 2920 per
975 2864 1038 2904 se
1068 2845 1493 2920 quodcumque
1526 2845 1651 2918 erit,
1682 2857 1781 2904 aut
1809 2847 1980 2904 faciet
2009 2848 2151 2923 quid
2230 2872 2325 2919 440

514 2946 614 2994 aut
640 2937 764 2994 aliis
793 2937 952 3012 fungi
982 2935 1224 2994 debebit
1253 2936 1560 3012 agentibus
1588 2935 1780 3011 ipsum

515 3036 613 3084 aut
641 3027 749 3084 erit
776 3036 839 3084 ut
865 3027 1092 3102 possint
1121 3027 1181 3084 in
1211 3045 1284 3085 eo
1311 3013 1412 3086 res
1438 3045 1565 3085 esse
1595 3026 1921 3112 geriqueb„

514 3137 585 3175 ac
613 3118 804 3175 facere
836 3127 894 3175 et
922 3118 1082 3192 fungi
1113 3118 1238 3175 sine
1269 3136 1516 3192 corpore
1546 3117 1703 3175 nulla
1729 3127 1924 3192 potest
1952 3137 2043 3177 res

517 3227 629 3265 nec
657 3209 935 3283 praebere
964 3209 1160 3266 locum
1189 3227 1365 3284 porro
1394 3209 1503 3266 nisi
1531 3209 1703 3266 inane
1731 3228 2078 3284 vacansque.

516 3317 654 3373 ergo
681 3308 910 3373 praeter
936 3300 1108 3356 inane
1140 3309 1199 3356 et
1227 3317 1477 3374 corpora
1504 3300 1668 3356 tertia
1694 3317 1801 3374 per
1828 3318 1890 3357 se
2228 3321 2321 3371 445

515 3389 672 3446 nulla
696 3399 890 3463 potest
916 3407 1108 3448 rerum
1137 3390 1198 3446 in
1224 3408 1472 3447 numero
1501 3399 1705 3446 natura
1731 3391 1996 3464 relinqui,

514 3497 628 3537 nec
658 3497 808 3553 quae
837 3481 944 3538 sub
971 3499 1174 3538 sensus
1203 3480 1376 3538 cadat
1405 3481 1521 3537 ullo
1550 3489 1813 3554 tempore
1844 3490 2073 3538 nostros

513 3587 629 3627 nec
656 3570 876 3628 ratione
907 3571 1086 3629 animi
1113 3590 1290 3644 quam
1326 3571 1635 3643 quisquam
1664 3571 1844 3644 possit
1872 3570 2069 3642 apisci.
