2784 3992
462 338 557 411 v.]
768 339 877 391 DE
930 338 1221 390 RERUM
1282 338 1624 391 NATURA
2155 340 2265 405 171

461 499 823 575 fortunisque
853 498 989 556 ideo
1018 499 1190 574 longe
1219 508 1510 574 praestare
1539 500 1840 575 putabant,

462 590 621 665 quod
652 591 851 648 mortis
881 590 1054 646 timor
1082 590 1222 646 haut
1243 608 1600 665 quemquam
1629 600 1862 648 vexaret
1891 609 2114 663 eorum,
2149 600 2274 649 1180

461 690 518 738 et
545 681 759 738 simul
745 699 806 738 m
832 680 1051 737 somnis
1080 681 1216 755 quia
1244 681 1426 737 multa
1454 691 1512 738 et
1542 682 1686 738 mira
1715 680 1989 739 videbant

460 770 689 829 efficere
719 781 779 828 et
809 772 1029 830 nullum
1060 788 1270 846 capere
1299 771 1459 846 ipsos
1488 771 1627 829 inde
1658 744 1936 831 lab‘orem.

461 871 759 936 praeterea
784 862 928 918 caeli
958 862 1209 918 rationes
1239 860 1446 918 ordine
1476 871 1640 918 certo

461 962 519 1009 et
546 953 699 1011 varia
726 970 1014 1010 annorum
1045 952 1363 1011 cernebant
1391 962 1660 1027 tempora
1687 954 1830 1011 verti

460 1061 570 1100 nec
597 1053 871 1118 poterant
899 1044 1108 1117 quibus
1136 1042 1199 1101 id
1226 1044 1391 1100 fieret
1422 1061 1782 1119 cognoscere
1811 1045 2019 1103 causis,
2151 1051 2274 1116 1185

390 1176 397 1184 .
460 1150 598 1208 ergo
625 1133 949 1209 perfugium
981 1134 1091 1191 sibi
1120 1134 1415 1192 habebant
1445 1135 1642 1191 omnia
1670 1134 1816 1192 divis

459 1224 684 1282 tradere
714 1233 773 1281 et
802 1225 1028 1281 illorum
1058 1233 1201 1281 nutu
1232 1224 1422 1283 facere
1453 1226 1654 1283 omnia
1683 1224 1856 1282 flecti.

459 1314 517 1371 in
545 1315 828 1389 caeloque
858 1313 1038 1372 deum
1067 1314 1237 1373 sedes
1268 1324 1326 1373 et
1352 1317 1573 1392 templa
1600 1316 1882 1388 locarunt,

457 1422 564 1479 per
589 1405 819 1463 caelum
846 1404 999 1463 volvi
1028 1406 1166 1481 quia
1191 1424 1309 1464 nox
1338 1415 1398 1464 et
1425 1407 1563 1463 luna
1590 1406 1834 1478 videtur,

459 1496 595 1553 luna
622 1494 749 1553 dies
779 1504 839 1553 et
866 1514 987 1553 nox
1016 1506 1075 1554 et
1103 1498 1293 1555 noctis
1323 1498 1488 1573 signa
1516 1514 1718 1555 severa
2149 1518 2276 1570 1190

458 1586 930 1661 noctivagaeque
960 1587 1117 1645 faces
1146 1588 1293 1645 caeli
1323 1587 1712 1662 flammaeque
1742 1587 2022 1660 volantes,

463 1676 658 1735 nubila
687 1678 775 1735 sol
806 1678 1018 1736 imbres
1047 1678 1147 1735 nix
1173 1679 1330 1735 venti
1361 1678 1603 1757 fulmina
1629 1676 1854 1753 grando

364 1818 371 1825 .
462 1777 522 1824 et
548 1767 734 1842 rapidi
762 1768 1021 1826 fremitus
1050 1778 1110 1825 et
1138 1788 1432 1826 murmura
1462 1787 1674 1844 magna
1703 1768 2008 1827 minarum.

540 1857 595 1917 O
623 1876 807 1933 genus
837 1858 1033 1917 infelix
1062 1860 1402 1930 humanum,
1439 1859 1576 1917 talia
1604 1858 1752 1917 divis

459 1967 594 2006 curn
624 1949 823 2007 tribuit
852 1949 1003 2007 facta
1030 1958 1206 2024 atque
1236 1950 1345 2007 iras
1374 1949 1640 2007 adiunxit
1669 1950 1906 2007 acerbas
1934 1952 1945 2007 Ξ
2152 1969 2274 2022 1195

458 2049 709 2113 quantos
738 2049 863 2097 tum
892 2041 1141 2115 gemitus
1169 2041 1279 2115 ipsi
1307 2041 1433 2112 sibi,
1464 2050 1802 2115 quantaque
1831 2040 2001 2098 nobis

456 2130 710 2201 volnera,
742 2148 887 2205 quas
915 2130 1177 2188 lacrimas
1206 2148 1486 2205 peperere
1517 2130 1826 2188 minoribu'
1858 2130 2064 2188 nostris
2091 2133 2105 2189 1

456 2238 569 2277 nec
599 2221 786 2295 pietas
816 2221 982 2279 ullast
1009 2222 1262 2279 velatum
1292 2238 1469 2295 saepe
1498 2220 1680 2278 videri

455 2311 665 2369 vertier
692 2310 769 2368 ad
797 2310 1054 2386 lapidem
1084 2319 1260 2386 atque
1290 2312 1481 2369 omnis
1509 2310 1795 2369 accedere
1823 2310 1901 2369 ad
1932 2329 2056 2369 aras

456 2419 569 2459 nec
592 2402 980 2477 procumbere
1004 2402 1166 2459 humi
1188 2411 1538 2477 prostratum
1558 2411 1617 2459 et
1629 2400 1890 2476 pandere
1908 2402 2132 2476 palmas
2155 2423 2280 2459 1200

453 2501 590 2550 ante
620 2490 803 2550 deum
832 2491 1074 2551 delubra
1100 2510 1214 2550 nec
1243 2511 1367 2550 aras
1398 2492 1677 2567 sanguine
1708 2492 1891 2550 multo

455 2600 731 2658 spargere
760 2580 1212 2658 quadrupedum
1241 2601 1351 2640 nec
1380 2584 1530 2641 votis
1559 2592 1794 2640 nectere
1823 2591 1977 2654 vota,

454 2672 565 2731 sed
593 2691 765 2749 mage
795 2683 1006 2749 pacata
1032 2692 1207 2749 posse
1237 2674 1437 2731 omnia
1466 2682 1661 2731 mente
1691 2672 1856 2731 tueri.

452 2782 596 2821 nam
625 2782 764 2822 cum
794 2765 1141 2839 suspicimus
1171 2764 1365 2839 magni
1397 2764 1671 2821 caelestia
1701 2761 1904 2821 mundi

454 2854 696 2929 templa,
728 2873 903 2930 super
932 2856 1225 2929 stellisque
1256 2855 1609 2913 micantibus
1639 2854 1876 2911 aethera
1903 2854 2105 2924 fixum,
2155 2870 2279 2925 1205

455 2954 518 3002 et
544 2945 705 3003 venit
732 2946 793 3003 in
822 2956 1081 3004 mentem
1111 2946 1245 3003 solis
1274 2946 1562 3020 lunaeque
1592 2944 1834 3016 viarum,

456 3045 600 3093 tunc
632 3036 754 3093 aliis
783 3054 1064 3111 oppressa
1094 3036 1256 3093 malis
1286 3038 1345 3092 in
1375 3044 1618 3110 pectora
1647 3053 1786 3093 cura

456 3126 555 3183 illa
582 3143 820 3201 quoque
852 3127 1328 3201 expergefactum
1359 3135 1538 3201 caput
1569 3126 1786 3199 erigere
1817 3124 1961 3197 infit,

455 3234 693 3290 nequae
724 3217 870 3275 forte
902 3216 1080 3276 deum
1110 3217 1281 3274 nobis
1311 3217 1578 3274 inmensa
1604 3224 1866 3291 potestas

454 3307 554 3379 sit,
582 3308 743 3366 vario
771 3317 935 3367 motu
964 3326 1116 3384 quae
1146 3307 1400 3365 candida
1428 3306 1618 3366 sidera
1646 3315 1854 3365 verset.
2156 3323 2279 3360 1210

452 3407 711 3475 temptat
739 3400 897 3457 enim
926 3398 1167 3457 dubiam
1196 3407 1457 3456 mentem
1485 3398 1724 3456 rationis
1753 3404 2002 3473 egestas,

453 3506 830 3565 ecquaenam
860 3490 1030 3549 fuerit
1060 3489 1264 3548 mundi
1291 3490 1556 3565 genitalis
1584 3487 1765 3563 origo,

452 3590 521 3641 et
544 3580 717 3639 simul
745 3598 968 3657 ecquae
998 3581 1071 3639 sit
1098 3580 1247 3653 finis,
1277 3579 1477 3656 quoad
1507 3579 1741 3637 moenia
1769 3575 1974 3636 mundi
