2784 3992
512 327 650 399 111.]
699 407 703 411 Ι
810 327 921 379 DE
973 326 1267 380 RERUM
1325 325 1666 379 NATURA
2229 326 2308 390 91

506 497 694 546 totum
721 505 897 563 posse
926 495 1089 545 extra
1114 505 1329 562 corpus
1356 485 1562 544 durare
1591 486 1861 561 genique.

507 598 701 654 quare,
732 596 944 653 corpus
972 578 1072 636 ubi
1100 577 1329 649 interiit,
1358 578 1597 652 periisse
1626 587 1924 635 necessest

507 670 821 727 confiteare
852 669 1107 725 animam
1136 668 1471 725 distractam
1499 668 1561 725 in
1589 686 1835 742 corpore
1863 677 2009 728 toto·

507 760 723 835 quippe
753 759 973 817 etenim
1002 759 1245 816 mortale
1274 770 1512 816 aeterno
1543 759 1781 834 iungere
1810 769 1871 817 et
1897 778 2018 819 una
2157 823 2184 846 ⁶
2220 768 2315 817 800

507 851 833 909 consentire
864 859 1066 925 putare
1097 858 1155 906 et
1183 850 1343 924 fungi
1370 858 1574 906 mutua
1599 868 1773 925 posse
2029 908 2047 933 ,

507 941 826 1016 desiperest
847 962 863 1013 3
908 939 1052 1014 quid
1082 940 1239 997 enim
1269 938 1550 1019 diversius
1580 959 1706 998 esse
1734 940 2118 1016 putandumst

506 1042 602 1090 aut
630 1032 812 1105 magis
841 1032 992 1090 inter
1020 1048 1081 1088 se
1111 1029 1466 1087 disiunctum
1496 1030 2015 1107 discrepitansque,

505 1141 679 1198 quam
708 1122 950 1179 mortale
980 1120 1143 1195 quod
1172 1130 1260 1178 est
1286 1120 1578 1179 inmortali
1605 1132 1780 1197 atque
1808 1124 2054 1199 perenni

503 1214 766 1271 iunctum
795 1213 855 1269 in
882 1211 1134 1269 concilio
1163 1230 1362 1270 saevas
1392 1213 1636 1270 tolerare
1666 1215 1949 1289 procellas
1963 1216 1992 1273 ?
2221 1222 2314 1284 805

503 1303 666 1379 quod
694 1305 741 1361 si
770 1304 917 1361 forte
944 1300 1083 1360 ideo‘
1110 1303 1295 1377 magis
1322 1303 1664 1362 immortalis
1691 1304 2035 1380 habendast,
2222 1313 2319 1376 819

504 1394 667 1470 quod
695 1394 961 1452 letalibus
989 1394 1064 1451 ab
1091 1394 1265 1452 rebus
1294 1396 1520 1452 munita
1547 1404 1792 1466 tenetur,

502 1495 601 1544 aut
630 1486 769 1560 quia
796 1502 918 1541 non
945 1484 1188 1542 veniunt
1216 1486 1461 1542 omnino
1491 1486 1677 1567 aliena
1704 1484 1898 1543 salutis

503 1586 601 1634 aut
628 1576 768 1651 quia
796 1592 949 1649 quae
983 1575 1226 1633 veniunt
1254 1570 1448 1650 aliqua
1473 1576 1693 1633 ratione
1721 1573 2008 1633 recedunt

502 1667 671 1742 pulsa
697 1666 859 1741 prius
888 1683 1066 1740 quam
1096 1665 1241 1741 quid
1270 1675 1525 1724 noceant
1554 1666 1763 1723 sentire
1793 1684 2095 1740 queamuS,

501 1857 733 1923 praeter
761 1847 919 1904 enim
948 1864 1125 1921 quam
1156 1846 1320 1922 quod
1349 1846 1567 1904 morbis
1597 1865 1734 1904 cum
1761 1847 2022 1923 corporis
2050 1857 2262 1922 aegret,

502 1937 741 1995 advenit
770 1935 833 1995 id
862 1936 1025 2011 quod
1054 1956 1187 1995 eam
1216 1936 1292 1995 de
1322 1938 1496 1995 rebus
1526 1955 1700 2011 saepe
1729 1938 1929 1996 futuris
2218 1946 2315 2007 825

501 2038 760 2086 macerat
787 2028 964 2102 inque
994 2038 1155 2086 metu
1185 2028 1335 2085 male
1365 2028 1546 2086 habet
1575 2028 1841 2103 curisque
1869 2028 2067 2104 fatigat

502 2119 941 2194 praeteritisque
972 2120 1121 2177 male
1152 2118 1418 2177 admissis
1448 2128 1696 2193 peccata
1722 2119 2073 2177 remordent.

502 2208 659 2267 adde
688 2211 943 2267 furorem
972 2210 1151 2267 animi
1177 2211 1479 2285 proprium
1508 2220 1684 2284 atque
1713 2210 1924 2267 oblivia
1950 2229 2162 2283 rerum,

502 2300 658 2358 adde
688 2299 853 2375 quod
882 2300 942 2357 in
970 2300 1158 2375 nigras
1186 2300 1429 2376 lethargi
1460 2301 1733 2375 mergitur
1759 2299 2080 2385 undasffi

586 2391 687 2449 Nil
714 2391 885 2467 igitur
911 2409 1068 2448 mors
1098 2400 1185 2448 est
1214 2390 1290 2447 ad
1319 2410 1428 2449 nos
1459 2409 1651 2465 neque
1681 2391 1932 2465 pertinet
1959 2392 2159 2466 hilum,
2222 2400 2319 2462 830

504 2480 990 2556 quandoquidem
1017 2491 1223 2539 natura
1250 2482 1429 2539 animi
1457 2481 1711 2539 mortalis
1740 2481 2020 2555 habetur;

504 2580 566 2629 et
591 2573 748 2629 velut
775 2580 1049 2629 anteacto
1077 2572 1161 2630 nil
1188 2582 1454 2647 tempore
1485 2572 1769 2630 sensimus
1798 2572 1970 2647 aegri,

505 2662 584 2721 ad
611 2661 1052 2739 confligendum
1080 2663 1446 2721 venientibus
1473 2662 1734 2737 undique
1767 2663 2000 2733 PoeniS,

506 2754 707 2811 omnia
734 2772 872 2809 cum
900 2753 1036 2810 belli
1063 2752 1296 2827 trepido
1326 2771 1614 2811 concussa
1643 2753 1890 2811 tumultu

506 2843 741 2901 horrida
770 2852 1179 2902 contremuere
1209 2844 1318 2901 sub
1347 2844 1473 2901 altis
1502 2844 1749 2901 aetheris
1779 2844 1912 2914 oriS,
2161 2896 2167 2904 .
2223 2852 2315 2915 835

507 2934 568 2991 in
595 2934 895 3009 dubioque
924 2934 1084 2991 fuere
1112 2943 1373 2992 utrorum
1403 2933 1482 2991 ad
1509 2952 1686 3009 regna
1714 2933 2052 2991 cadendum

508 3025 779 3083 omnibus
808 3023 1075 3082 humanis
1106 3034 1260 3081 esset
1288 3033 1554 3099 terraque
1585 3025 1864 3098 marique,

509 3116 611 3187 sie,
642 3115 742 3172 ubi
771 3132 893 3172 non
922 3114 1153 3188 erimus,
1184 3133 1321 3171 cum
1352 3116 1613 3189 corporis
1643 3126 1817 3189 atque
1848 3115 2062 3174 animai

510 3203 823 3263 discidium
850 3204 1020 3262 fuerit
1048 3205 1258 3279 quibus
1288 3223 1321 3262 e
1352 3223 1551 3262 sumus
1581 3206 1767 3263 uniter
1794 3205 1934 3280 apti,

508 3296 731 3354 scilicet
758 3295 918 3353 haud
946 3296 1115 3354 nobis
1145 3296 1482 3371 quicquam,
1513 3296 1613 3371 qui
1641 3314 1762 3353 non
1791 3296 2003 3353 erimus
2032 3304 2174 3367 tum,
2223 3300 2316 3362 840

509 3386 778 3445 accidere
808 3386 1052 3443 omnino
1080 3388 1293 3462 poterit
1322 3405 1675 3462 sensumque
1705 3403 1961 3459 movere,

508 3495 632 3535 non
659 3477 707 3535 si
733 3486 883 3535 terra
910 3477 1054 3534 mari
1084 3478 1419 3535 miscebitur
1446 3488 1505 3535 et
1533 3496 1689 3535 mare
1719 3476 1902 3535 caelo.

510 3578 573 3627 et
598 3568 644 3625 si
673 3568 789 3625 iam
820 3577 1019 3625 nostro
1048 3569 1220 3625 sentit
1248 3567 1323 3625 de
1353 3586 1599 3642 corpore
1629 3577 1944 3643 postquam
