2784 3992
495 308 610 384 11.]
943 302 1056 363 DE
1107 307 1401 364 RERUM
1456 302 1798 365 NATURA
2213 303 2299 380 39

488 472 906 549 multiplexque
931 471 1048 531 loci
1076 472 1325 547 spatium
1352 481 1736 531 transcurrere
1766 470 1981 531 eodem

488 573 752 639 tempore
782 582 903 638 quo
929 563 1065 622 solis
1092 564 1433 639 pervolgant
1460 563 1682 639 fulgura
1709 564 1955 622 caelum.

1368 662 1405 699 ,ιι

495 741 639 821 [nec
667 746 978 820 persectari
1006 744 1329 819 primordia
1351 744 1574 819 singula
1601 762 1889 820 quaeque,
2204 752 2291 816 165

487 844 550 892 ut
577 834 814 893 videant
842 853 959 910 qua
986 836 1239 909 quicque
1268 843 1499 910 geratur
1526 852 1662 891 cum
1690 836 1932 894 ratione.

566 927 642 983 At
671 925 910 999 quidam
940 935 1145 983 contra
1172 925 1336 996 haec,
1365 926 1549 1000 ignari
1576 926 1855 997 materiai,

487 1025 750 1074 naturam
777 1034 900 1073 non
928 1034 1101 1091 posse
1125 1006 1304 1073 deum
1333 1017 1457 1073 sine
1486 1016 1726 1074 numine
1754 1016 2003 1074 credunt

487 1116 648 1165 tanto
679 1125 857 1182 opere
887 1107 1155 1165 humanis
1183 1107 1503 1165 rationibus
1532 1105 1913 1165 admoderate

487 1207 751 1272 tempora
779 1206 1002 1257 mutare
1033 1216 1319 1255 annorum
1351 1199 1658 1273 frugesque
1689 1216 1906 1271 creare,
2204 1218 2295 1263 170

487 1298 546 1345 et
572 1289 686 1345 iam
715 1299 925 1361 cetera,
956 1289 1212 1348 mortalis
1239 1307 1390 1363 quae
1421 1288 1627 1347 suadet
1655 1288 1814 1347 adire

488 1380 727 1454 ipsaque
758 1379 1002 1437 deducit
1030 1379 1152 1439 dux
1177 1380 1328 1437 vitae
1358 1378 1457 1436 dia
1482 1379 1749 1454 voluptas

486 1479 546 1527 et
573 1488 662 1527 res
690 1488 796 1545 per
821 1458 1064 1529 Veneris
1092 1468 1385 1541 blanditur
1414 1470 1605 1527 saecla
1632 1478 1975 1545 propagent,

487 1578 561 1617 ne
589 1579 774 1635 genus
802 1560 1036 1618 occidat
1062 1561 1403 1619 humanum.
1446 1578 1696 1635 quorum
1726 1561 1925 1618 omnia
1951 1576 2128 1617 causa

487 1652 853 1709 constituisse
883 1651 1028 1709 deos
1057 1669 1194 1709 cum
1221 1652 1466 1726 fingunt,
1502 1652 1762 1709 omnibu'
1792 1651 1965 1709 rebus
2202 1668 2289 1719 175

488 1760 702 1817 magno
732 1760 910 1817 opere
939 1761 975 1799 a
1000 1760 1135 1799 vera
1161 1742 1305 1817 lapsi
1334 1742 1557 1799 ratione
1578 1741 1867 1799 videntur.

488 1851 626 1890 nam
654 1833 916 1907 quamvis
944 1852 1134 1890 rerum
1163 1833 1427 1907 ignorem
1453 1831 1770 1907 primordia
1798 1849 1949 1906 quae
1978 1831 2111 1903 sint,

489 1923 604 1980 hoc
633 1932 830 1981 tamen
859 1941 932 1980 ex
959 1924 1096 1998 ipsis
1125 1923 1270 1980 caeli
1297 1923 1615 1981 rationibus
1644 1923 1829 1979 ausim

490 2014 832 2071 confirmare
863 2014 1100 2088 aliisque
1131 2031 1203 2070 ex
1229 2013 1404 2071 rebus
1432 2010 1678 2070 reddere
1709 2012 1922 2084 multiS‚

491 2123 861 2179 nequaquam
891 2104 1060 2162 nobis
1088 2102 1362 2160 divinitus
1391 2120 1519 2161 esse
1549 2112 1803 2159 creatam
2210 2108 2299 2157 180

491 2205 752 2253 naturam
782 2186 988 2252 mundi
1011 2216 1022 2252 :
1069 2202 1230 2251 tanta
1257 2202 1369 2251 stat
1397 2192 1661 2269 praedita
1688 2193 1881 2268 culpa.

492 2304 640 2360 quae
669 2286 773 2344 tibi
799 2286 1102 2360 posten'us,
1136 2284 1402 2354 Memmi,
1435 2283 1713 2341 faciemus
1741 2293 1959 2359 aperta.

492 2396 648 2434 nunc
677 2376 740 2434 id
767 2376 932 2451 quod
961 2384 1223 2450 superest
1250 2374 1326 2432 de
1355 2374 1611 2432 motibus
1641 2371 2076 2451 expediemus]

574 2468 751 2525 Nunc
780 2467 942 2525 locus
969 2476 1076 2537 est,
1104 2475 1170 2523 ut
1196 2465 1425 2539 opinor,
1455 2465 1514 2521 in
1546 2464 1633 2521 his
1662 2463 1802 2521 illud
1831 2482 2069 2539 quoque
2098 2461 2270 2520 rebus

433 2614 440 2627 x
494 2558 838 2616 confirmare
862 2557 982 2627 tibi,
1013 2556 1228 2613 nullam
1258 2574 1382 2613 rem
1411 2573 1585 2630 posse
1616 2572 1719 2612 sua
1747 2554 1802 2611 vi
2208 2560 2296 2623 185

495 2662 838 2723 corpoream
867 2665 1090 2705 sursum
1120 2646 1249 2703 ferri
1277 2663 1619 2719 sursumque
1649 2662 1843 2702 meare
1866 2664 1883 2716 ;

495 2757 570 2795 ne
601 2739 703 2796 tibi
733 2737 875 2795 dent
901 2738 958 2794 in
991 2754 1064 2793 eo
1092 2737 1454 2794 flammarum
1484 2753 1731 2809 corpora
1758 2732 2043 2792 fraudem.

497 2848 689 2887 sursus
718 2829 876 2886 enim
903 2846 1101 2885 versus
1129 2828 1440 2902 gignuntur
1468 2836 1527 2883 et
1555 2826 1827 2902 augmina
1854 2832 2091 2882 sumunt

497 2930 559 2977 et
584 2938 808 2977 sursum
835 2917 1053 2976 nitidae
1082 2917 1270 2992 fruges
1299 2918 1647 2991 arbustaque
1678 2924 1965 2987 crescunt,

498 3009 780 3085 pondera,
794 3018 1076 3083 quantum
1087 3008 1148 3065 in
1161 3027 1221 3066 se
1236 3018 1342 3081 est,
1357 3026 1493 3064 cum
1508 3006 1783 3064 deorsum
1803 3015 2016 3063 cuncta
2032 3005 2303 3062 ferantur.

499 3120 612 3159 nec
639 3119 776 3158 cum
806 3100 1108 3158 subsiliunt
1137 3099 1298 3173 ignes
1327 3098 1404 3155 ad
1432 3108 1587 3155 tecta
1614 3096 1928 3155 domorum
2213 3114 2299 3166 191
2374 3133 2387 3149 .

501 3204 561 3253 et
588 3194 760 3252 celeri
787 3194 1023 3251 flamma
1050 3191 1360 3266 degustant
1389 3191 1549 3264 tigna
1574 3191 1902 3265 trabesque,

501 3295 711 3360 sponte
741 3303 845 3342 sua
871 3284 1060 3341 facere
1091 3282 1152 3339 id
1181 3282 1304 3340 sine
1331 3281 1390 3339 vi
1419 3280 1721 3356 subigente
1750 3278 2073 3355 putandum
2108 3286 2212 3335 est.

502 3374 665 3450 quod
694 3392 878 3449 genus
907 3393 940 3432 e
969 3382 1168 3431 nostro
1197 3391 1377 3447 quom
1409 3371 1616 3429 missus
1645 3389 1888 3444 corpore
1919 3369 2149 3443 sanguis

506 3467 718 3525 emicat
745 3465 1006 3523 exultans
1035 3464 1146 3521 alte
1176 3464 1507 3539 spargitque
1538 3450 1819 3519 cruorem.
2216 3478 2305 3528 195

505 3574 704 3615 nonne
733 3554 896 3613 vides
925 3555 1100 3612 etiam
1129 3563 1347 3627 quanta
1373 3554 1429 3610 vi
1457 3553 1615 3627 tigna
1642 3552 1950 3625 trabesque
