2784 3992
528 313 663 385 1v.]
1004 311 1114 363 DE
1166 311 1458 364 RERUM
1514 310 1859 365 NATURA
2215 306 2320 361 101

522 473 780 532 versibus
808 472 870 529 in
898 471 1106 529 nostris
1133 488 1388 545 possem,
1419 470 1564 528 dum
1592 472 1844 546 percipis
1873 490 2114 532 omnem

523 574 785 623 naturam
813 581 1003 619 rerum
1034 579 1103 618 ac
1132 562 1414 636 persentis
1442 561 1800 640 utilitatem]
2271 582 2326 635 25

601 657 794 729 Atque
825 653 1004 710 animi
1032 652 1311 727 quoniam
1341 651 1522 709 docui
1550 662 1754 710 natura
1782 653 1923 726 quid
1955 663 2108 712 esset

526 755 583 803 et
610 745 820 820 quibus
850 761 883 801 e
912 743 1084 801 rebus
1113 761 1248 800 cum
1281 760 1528 816 corpore
1559 753 1800 816 compta
1827 745 2046 819 vigeret

526 854 714 911 quove
745 833 928 892 modo
958 833 1232 891 distracta
1258 831 1475 890 rediret
1500 832 1561 889 in
1589 832 1755 890 ordia
1781 835 1985 907 prima,

525 945 679 983 nunc
708 942 878 1000 agere
909 924 1182 997 incipiam
1211 922 1332 993 tibi,
1363 922 1529 997 quod
1558 933 1857 980 vementer
1885 922 1961 981 ad
1990 924 2093 982 has
2121 941 2211 983 res

525 1017 745 1085 attinet,
776 1033 902 1072 esse
932 1032 1005 1071 ea
1032 1031 1182 1088 quae
1211 1030 1404 1071 rerum
1435 1013 1738 1071 simulacra
1762 1032 2040 1071 vocamus
2061 1034 2079 1087 3
2267 1034 2331 1086 30

526 1125 692 1181 quae,
723 1105 887 1180 quasi
917 1104 1289 1162 membranae
1318 1122 1552 1162 summo
1582 1103 1659 1160 de
1688 1121 1937 1178 corpore
1966 1121 2158 1162 rerum

526 1196 820 1271 dereptae,
849 1195 1092 1254 volitant
1118 1193 1386 1268 ultroque
1417 1194 1681 1267 citroque
1710 1212 1816 1269 per
1842 1212 2026 1267 auraS,

525 1297 698 1363 atque
728 1285 940 1344 eadem
968 1285 1139 1344 nobis
1164 1284 1532 1360 vigilantibus
1560 1285 1732 1342 obvia
1758 1294 1985 1343 mentes

524 1378 837 1436 terrificant
863 1386 1040 1451 atque
1070 1376 1129 1433 in
1158 1376 1398 1447 somnis,
1429 1393 1568 1432 cum
1596 1393 1772 1450 saepe
1802 1375 2013 1449 figuras

525 1469 855 1527 contuimur
882 1467 1053 1524 miras
1081 1466 1502 1539 simulacraque
1531 1465 1662 1523 luce
1692 1476 2012 1538 carentum,
2268 1484 2326 1536 35

525 1577 675 1634 quae
704 1576 813 1618 nos
843 1556 1107 1614 horrifice
1135 1556 1462 1631 languentis
1489 1573 1666 1631 saepe
1695 1573 1909 1630 sopore

524 1651 842 1719 excierunt,
873 1666 948 1705 ne
977 1648 1122 1705 forte
1152 1648 1375 1704 animas
1405 1644 1739 1703 Acherunte
1768 1661 1999 1705 reamur

525 1742 778 1816 effugere
807 1748 907 1796 aut
936 1739 1170 1796 umbras
1198 1738 1348 1794 inter
1374 1737 1537 1794 vivos
1565 1737 1801 1796 volitare

524 1850 669 1889 neve
699 1828 919 1904 aliquid
947 1829 1126 1887 nostri
1156 1838 1290 1903 post
1319 1836 1570 1884 mortem
1598 1844 1772 1901 posse
1801 1827 2066 1902 relinqui,

526 1940 660 1980 eum
689 1939 903 1995 corpus
932 1919 1101 1977 simul
1130 1928 1306 1992 atque
1335 1918 1517 1975 animi
1546 1926 1751 1974 natura
1778 1927 2084 1993 perempta
2266 1937 2330 1985 40

525 2013 585 2071 in
612 2030 717 2071 sua
744 2011 1067 2069 discessum
1096 2007 1365 2067 dederint
1393 2006 1714 2081 primordia
1742 2025 2028 2082 quaeque.

605 2104 761 2161 Dico
791 2102 961 2177 igitur
987 2118 1177 2157 rerum
1206 2098 1426 2173 effigias
1454 2098 1760 2172 tenuisque
1789 2097 1999 2173 figuras

524 2195 737 2253 mittier
762 2193 839 2252 ab
866 2193 1039 2250 rebus
1066 2208 1298 2249 summo
1327 2187 1405 2246 de
1435 2206 1680 2263 corpore
1707 2206 1918 2260 rerum,

523 2286 663 2361 quoi
692 2284 858 2359 quasi
887 2282 1279 2352 membranae,
1308 2279 1403 2337 vel
1430 2288 1633 2337 cortex
1659 2278 2133 2350 nominitandast,
2268 2296 2331 2351 50

523 2375 686 2452 quod
715 2374 977 2450 speciem
1008 2390 1077 2429 ac
1104 2372 1352 2428 formam
1380 2370 1626 2428 similem
1655 2370 1800 2444 gerit
1828 2370 1952 2427 eius
1981 2370 2175 2445 imago

523 2468 946 2539 cuiuscumque
975 2462 1130 2520 cluet
1159 2460 1235 2518 de
1265 2478 1512 2534 corpore
1541 2460 1667 2517 fusa
1692 2460 1902 2534 vagari.

523 2558 583 2616 id
611 2559 747 2615 licet
777 2555 915 2613 hinc
944 2552 1208 2627 quamvis
1237 2550 1436 2609 hebeti
1465 2567 1822 2626 cognoscere
1851 2548 2050 2611 corde.

522 2648 812 2724 principio
840 2644 1118 2720 quoniam
1148 2642 1386 2700 mittunt
1413 2641 1474 2698 in
1503 2641 1676 2698 rebus
1704 2641 1916 2716 apertis

524 2756 772 2814 corpora
799 2756 890 2794 res
919 2735 1152 2804 multae,
1182 2732 1393 2809 partim
1424 2730 1633 2789 diffusa
1660 2732 1864 2802 solute,
2270 2745 2331 2800 55

522 2830 733 2888 robora
762 2846 875 2885 ceu
902 2826 1129 2883 fumum
1156 2822 1393 2880 mittunt
1420 2821 1702 2897 ignesque
1731 2838 2029 2895 vaporem,

526 2929 584 2978 et
610 2919 821 2995 partim
850 2925 1127 2974 contexta
1153 2913 1337 2989 magis
1365 2910 1804 2984 condensaque,
1835 2921 1900 2969 ut
1927 2910 2069 2970 olim

526 3028 660 3068 cum
690 3008 887 3067 teretis
916 3014 1143 3082 ponunt
1171 3005 1398 3062 tunicas
1427 3009 1645 3061 aestate
1675 2999 1934 3073 cicadae,

527 3109 585 3158 et
611 3099 772 3158 vituli
802 3116 938 3156 cum
967 3096 1335 3154 membranas
1364 3093 1442 3152 de
1471 3110 1718 3168 corpore
1747 3094 1979 3151 summo

525 3199 835 3249 nascentes
862 3188 1114 3258 mittunt,
1145 3196 1204 3244 et
1231 3187 1373 3244 item
1403 3203 1539 3242 cum
1570 3183 1789 3241 lubrica
1817 3200 2054 3259 serpens
2270 3188 2336 3237 60

528 3282 685 3339 exuit
710 3281 773 3338 in
800 3279 981 3354 spinis
1007 3286 1228 3335 vestem
1251 3297 1269 3349 ;
1312 3294 1449 3333 nam
1480 3292 1657 3350 saepe
1685 3274 1951 3334 videmus

526 3372 753 3430 illorum
780 3369 981 3445 spoliis
1006 3385 1213 3442 vepres
1241 3366 1612 3424 volitantibus
1639 3375 1836 3423 auctas
1860 3386 1872 3421 :

528 3480 679 3537 quae
708 3461 986 3535 quoniam
1014 3458 1179 3529 fiunt,
1208 3457 1402 3515 tenuis
1431 3473 1668 3530 quoque
1697 3454 1875 3513 debet
1903 3453 2096 3527 imago

522 3554 605 3611 ab
628 3553 801 3611 rebus
828 3550 979 3608 mitti
1006 3567 1239 3607 summo
1267 3547 1343 3605 de
1372 3563 1619 3621 corpore
1646 3562 1856 3603 rerum.
