2784 3992
509 303 618 374 η]
997 305 1106 357 DE
1146 304 1438 357 RERUM
1494 303 1840 358 NATURA

1320 428 1337 449 0

584 466 737 525 Illud
766 468 829 524 in
856 466 943 524 his
971 467 1335 542 obsignatum
1367 485 1606 541 quoque
1633 467 1806 525 rebus
1835 466 2052 527 habere

503 558 779 638 convenit
808 566 866 615 et
892 557 1133 615 memori
1164 558 1504 615 mandatum
1537 567 1734 615 mente
1763 567 1980 630 tenere,

502 649 583 705 nil
611 666 756 720 esse,
787 648 848 705 in
876 657 1147 723 promptu
1179 666 1429 723 quorum
1458 658 1664 705 natura
1693 648 1942 723 videtur,

503 739 663 814 quod
691 744 907 814 'genere
937 758 1010 796 ex
1038 757 1156 796 uno
1185 740 1464 797 consistat
1493 740 1928 815 principiorum,

503 848 613 887 nec
644 830 959 903 quicquam
988 828 1150 903 quod
1179 848 1298 887 non
1329 831 1618 905 permixto
1647 832 1869 888 semine
1900 841 2148 890 constet.

503 929 562 977 et
589 919 1008 995 quodcumque
1038 920 1220 995 magis
1248 922 1333 979 vis
1362 921 1571 977 multas
1601 920 1862 995 possidet
1890 922 1950 979 in
1979 940 2041 979 se

503 1020 677 1085 atque
706 1020 1043 1085 potestateS,
1076 1012 1155 1069 ita
1182 1012 1428 1086 plurima
1455 1012 1874 1085 principiorum

503 1102 563 1158 in
591 1090 962 1176 sesegenera
989 1120 1058 1160 ac
1087 1102 1268 1160 varias
1298 1100 1476 1159 docet
1506 1120 1631 1159 esse
1662 1102 1890 1176 figuras,

502 1192 790 1268 principio
817 1192 985 1251 tellus
1015 1192 1190 1251 habet
1219 1193 1279 1249 in
1308 1210 1370 1249 se
1401 1209 1650 1266 corpora
1676 1184 1864 1267 prima

504 1283 663 1341 unde
692 1301 851 1341 mare
879 1284 1207 1341 inmensum
1237 1282 1535 1340 volventes
1564 1282 1773 1357 frigora
1801 1282 1992 1342 fontes

503 1374 747 1432 adsidue
776 1384 1076 1445 renovent,
1107 1374 1283 1432 habet
1313 1374 1476 1448 ignes
1505 1372 1663 1430 unde
1694 1374 1965 1433 oriantur.

504 1484 637 1522 nam
669 1466 863 1522 multis
892 1482 1174 1523 succensa
1200 1464 1343 1521 locis
1374 1463 1581 1521 ardent
1610 1464 1734 1521 sola
1763 1473 1964 1535 terrae,

505 1556 728 1613 eximiis
757 1573 892 1613 vero
923 1555 1054 1612 furit
1084 1555 1311 1629 ignibus
1339 1555 1594 1631 impetus
1623 1555 1871 1613 Aetnae.

504 1656 626 1704 tum
655 1664 830 1722 porro
860 1645 1070 1703 nitidas
1099 1646 1289 1719 fruges
1318 1645 1667 1718 arbustaque
1697 1646 1847 1702 laeta

502 1737 770 1811 gentibus
799 1736 1065 1793 humanis
1094 1736 1269 1793 habet
1298 1733 1458 1793 unde
1488 1735 1761 1793 extollere
1791 1736 1993 1811 possit,

505 1825 659 1884 unde
690 1828 863 1884 etiam
893 1826 1097 1883 fluvios
1124 1824 1360 1883 frondes
1390 1835 1448 1883 et
1476 1826 1692 1901 pabula
1719 1826 1870 1883 laeta

502 1918 836 1992 montivago
865 1918 1061 1991 generi
1091 1917 1274 1991 possit
1302 1917 1584 1992 praebere
1614 1918 1880 1975 ferarum.

502 2026 679 2082 quare
710 2026 918 2083 magna
954 2008 1131 2065 deum
1160 2017 1345 2064 mater
1372 2017 1673 2081 materque
1704 2008 1953 2064 ferarum

502 2108 559 2156 et
586 2099 767 2156 nostri
794 2099 1056 2173 genetrix
1083 2098 1231 2155 haec
1260 2098 1419 2156 dicta
1447 2106 1532 2155 est
1562 2098 1821 2172 corporis
1851 2116 1985 2156 una.

581 2190 760 2247 Hanc
790 2198 1010 2247 veteres
1040 2189 1280 2247 Graium
1310 2188 1473 2246 docti
1501 2188 1769 2247 cecinere
1799 2198 2013 2264 poetae

501 2368 736 2427 sedibus
764 2370 824 2426 in
855 2388 1023 2427 curru
1053 2369 1280 2444 biiugos
1309 2369 1524 2444 agitare
1554 2369 1774 2442 leoneS,

499 2460 643 2517 aeris
672 2460 733 2517 in
761 2460 949 2534 spatio
978 2478 1248 2534 magnam
1279 2459 1540 2533 pendere
1571 2459 1858 2517 docentes

499 2550 762 2607 tellurem
791 2540 985 2624 neque
1013 2568 1189 2625 posse
1220 2551 1280 2607 in
1311 2560 1461 2607 terra
1489 2551 1689 2608 sistere
1720 2559 1950 2609 terram.

499 2640 815 2698 adiunxere
845 2640 1009 2710 feraS,
1041 2641 1176 2714 quia
1206 2640 1470 2715 quamvis
1500 2640 1674 2699 effera
1701 2641 1893 2716 proles

499 2731 702 2789 officiis
733 2731 912 2789 debet
938 2731 1145 2788 molliri
1173 2732 1328 2788 victa
1356 2741 1681 2805 parentum.

499 2822 819 2895 muralique
850 2830 1027 2895 caput
1055 2840 1350 2879 summum
1382 2822 1618 2880 cinxere
1648 2840 1886 2895 corona,

499 2912 721 2969 eximiis
751 2912 976 2969 munita
1002 2912 1146 2969 locis
1174 2912 1313 2985 quia
1341 2913 1584 2970 sustinet
1612 2914 1783 2971 urbes
1803 2933 1821 2986 ;

499 3020 617 3077 quo
645 3020 804 3059 nunc
835 3002 1041 3076 insigni
1069 3019 1175 3076 per
1202 3021 1442 3077 magnas
1473 3002 1736 3077 praedita
1765 3012 1940 3062 terras

496 3091 763 3150 horrifice
793 3094 970 3150 fertur
1001 3091 1235 3150 divinae
1264 3093 1462 3151 matris
1492 3094 1703 3168 imago,

497 3182 649 3241 hanc
676 3184 868 3241 variae
898 3192 1101 3257 gentes
1132 3184 1372 3258 antiquo
1404 3201 1565 3240 more
1596 3202 1891 3242 sacrorum

498 3273 739 3333 Idaeam
768 3274 1027 3331 vocitant
1055 3283 1299 3331 matrem
1330 3273 1722 3349 Phrygiasque
1755 3284 2013 3333 catervas

497 3365 639 3424 dant
666 3365 935 3435 comiteS,
964 3365 1099 3439 quia
1127 3364 1380 3438 primum
1411 3382 1482 3421 ex
1510 3365 1616 3422 illis
1645 3365 1856 3423 finibus
1885 3365 2068 3423 edunt

496 3474 603 3533 per
630 3465 911 3514 terrarum
940 3455 1144 3513 orbem
1175 3454 1365 3530 fruges
1397 3455 1665 3530 coepisse
1695 3456 1893 3515 creari.

498 3548 675 3624 gallos
705 3546 1043 3616 attribuunt,
1077 3546 1231 3619 quia,
1262 3563 1485 3603 numen
1516 3546 1616 3620 qui
1643 3546 1911 3604 violarint

2235 312 2306 377 51

2215 839 2307 903 585

2214 1303 2314 1358 590

2217 1753 2309 1808 595

2212 3190 2306 3241 610

2607 3396 2772 3961 ᾗ(
