2784 3992
444 286 565 353 190
1104 281 1568 336 LUCRETms
2037 263 2043 270 '
2109 280 2242 351 [vl.

432 445 672 521 ancipiti
699 444 979 520 quoniam
1006 443 1162 502 bello
1188 443 1450 502 turbatur
1475 442 1787 518 utrimque,

432 537 569 595 hinc
598 536 847 595 flammis
873 536 1028 593 illinc
1056 534 1242 593 ventis
1269 552 1591 609 umoreque
1620 534 1823 593 mixto,

515 628 655 685 Hoc
684 637 773 685 est
801 625 1024 701 igniferi
1052 635 1317 682 naturam
1345 624 1601 683 fulminis
1630 625 1815 699 ipsam

430 723 759 799 perspicere
788 733 848 781 et
874 741 992 798 qua
1018 723 1075 780 vi
1102 722 1277 780 faciat
1303 740 1427 780 rem
1457 741 1752 797 quamque
1780 722 1998 797 videre,
2149 730 2248 796 380

430 833 551 873 non
578 814 878 890 Tyrrhena
902 823 1057 871 retro
1083 812 1414 871 volventem
1443 813 1699 871 carmina
1725 813 1928 871 frustra

430 904 646 962 indicia
674 904 937 963 occultae
968 902 1167 962 divum
1195 904 1529 979 perquirere
1558 904 1790 977 mentiS,

432 995 589 1053 unde
619 996 818 1053 volans
846 995 996 1071 ignis
1022 994 1351 1071 pervenerit
1376 1003 1478 1052 aut
1506 994 1565 1052 in
1595 1003 1782 1053 utram
1810 1012 1872 1052 se

430 1086 664 1145 verterit
690 1085 829 1145 hinc
858 1086 1087 1161 partim,
1117 1102 1238 1160 quo
1266 1094 1445 1159 pacto
1472 1102 1579 1160 per
1605 1084 1738 1143 loca
1765 1094 1966 1159 saepta

429 1177 747 1250 insinuarit,
777 1187 837 1235 et
864 1177 1000 1234 hinc
1028 1175 1361 1234 dominatus
1388 1184 1454 1233 ut
1481 1175 1746 1233 extulerit
1773 1192 1856 1247 se,
2148 1180 2246 1247 385

429 1266 645 1342 quidve
674 1285 889 1325 nocere
918 1275 1096 1341 queat
1122 1265 1199 1324 de
1228 1265 1395 1324 caelo
1423 1265 1679 1324 fulminis
1707 1266 1872 1325 ictus·

430 1357 594 1432 quod
623 1358 670 1416 si
700 1358 965 1433 Iuppiter
991 1365 1168 1431 atque
1196 1357 1292 1414 alii
1318 1355 1599 1432 fulgentia
1626 1355 1746 1415 divi

427 1448 681 1506 terrifico
709 1448 979 1523 quatiunt
1004 1447 1198 1506 sonitu
1225 1446 1502 1505 caelestia
1526 1446 1748 1522 templa

429 1548 489 1596 et
517 1539 733 1597 iaciunt
761 1538 956 1614 ignem
984 1556 1106 1613 quo
1133 1537 1448 1612 quoiquest
1475 1555 1730 1612 cumque
1759 1538 2043 1612 voluptaS‚

382 1688 389 1697 ,
429 1647 534 1686 cur
561 1629 771 1704 quibus
800 1629 1095 1709 incautum
1127 1626 1317 1685 scelus
1343 1627 1658 1686 aversabile
1689 1637 1998 1704 cumquest
2146 1647 2250 1701 390

428 1737 552 1777 non
578 1719 797 1778 faciunt
824 1719 924 1777 icti
950 1718 1211 1777 flammas
1239 1726 1305 1776 ut
1331 1717 1569 1793 fulguris
1600 1718 1797 1776 halent

428 1819 668 1885 pectore
696 1811 939 1885 perfixo‚
968 1808 1267 1868 documen
1294 1808 1633 1867 mortalibus
1661 1827 1815 1884 acre,

429 1909 488 1958 et
515 1900 709 1975 potius
738 1900 893 1957 nulla
919 1899 1027 1959 sibi
1054 1898 1206 1973 turpi
1222 1898 1507 1960 ‘conscius
1533 1898 1594 1957 in
1621 1917 1683 1957 re

427 1991 671 2050 volvitur
697 1990 757 2048 in
784 1990 1028 2048 flammis
1056 1989 1327 2048 innoxius
1356 1989 1538 2066 inque
1565 1988 1800 2065 peditur

428 2081 655 2140 turbine
684 2081 917 2139 caelesti
945 2081 1138 2140 subito
1165 2089 1470 2155 correptus
1498 2090 1558 2139 et
1587 2081 1748 2155 igni?
2147 2097 2248 2154 395

428 2158 537 2230 cur
559 2171 735 2230 etiam
761 2172 894 2229 loca
918 2172 1042 2229 sola
1068 2180 1275 2246 petunt
1304 2170 1626 2245 frustraque
1653 2171 1959 2230 laborant?

429 2279 505 2319 an
532 2268 657 2324 tum
683 2261 956 2319 bracchia
984 2269 1380 2319 consuescunt
1408 2261 1759 2336 firmantque
1789 2262 2036 2321 lacertos
2050 2263 2079 2320 P

430 2351 489 2407 in
517 2360 782 2426 terraque
811 2351 988 2426 patris
1016 2370 1120 2408 cur
1147 2352 1329 2409 telum
1357 2352 1765 2427 perpetiuntur

429 2440 719 2517 optundi?
759 2460 863 2499 cur
889 2443 1013 2517 ipse
1043 2443 1177 2501 sinit
1206 2460 1402 2517 neque
1430 2443 1617 2518 parcit
1643 2444 1706 2501 in
1733 2442 1955 2501 hostis?

431 2531 686 2606 denique
714 2549 819 2589 cur
845 2551 1167 2608 numquam
1196 2533 1363 2591 caelo
1392 2534 1528 2591 iacit
1555 2532 1816 2608 undique
1845 2551 1993 2608 puro
2148 2554 2250 2602 400

432 2621 695 2696 Iuppiter
721 2622 781 2679 in
810 2632 985 2681 terras
1014 2624 1233 2693 fulmen
1263 2624 1608 2699 sonitusque
1637 2623 1979 2699 profundit?

429 2731 504 2769 an
533 2712 704 2770 simul
730 2731 801 2770 ac
829 2714 1014 2771 nubes
1044 2732 1402 2787 successere,
1432 2715 1559 2789 ipse
1588 2716 1649 2774 in
1677 2734 1776 2774 eas
1805 2725 1929 2774 tum

430 2801 752 2873 descendit,
781 2821 967 2879 prope
996 2813 1059 2861 ut
1086 2804 1226 2862 hinc
1256 2805 1356 2863 teli
1384 2804 1737 2864 determinet
1767 2806 1956 2864 ictus?

431 2893 489 2949 in
518 2910 676 2951 mare
704 2910 822 2967 qua
848 2912 1022 2967 porro
1052 2895 1225 2953 mittit
1253 2896 1519 2955 ratione?
1560 2896 1705 2972 quid
1733 2895 1920 2954 undas

430 2983 613 3057 arguit
640 2992 700 3041 et
726 2983 1005 3058 liquidam
1036 2985 1253 3044 molem
1280 2996 1649 3065 cqnposque
1679 2987 1971 3045 natantis?
2147 3006 2246 3058 405

429 3082 729 3147 praeterea
756 3074 804 3131 si
830 3075 951 3133 vult
978 3094 1289 3135 caveamus
1318 3077 1570 3135 fulminis
1600 3078 1802 3150 ictum,

430 3182 534 3220 cur
560 3162 787 3222 dubitat
812 3164 1003 3223 facere
1032 3176 1095 3225 ut
1121 3168 1416 3242 possimus
1444 3185 1684 3245 cernere
1713 3168 1996 3227 missum?

429 3254 477 3311 si
505 3272 619 3311 nec
647 3254 938 3328 opinantis
966 3267 1161 3314 autem
1188 3257 1310 3315 volt
1337 3259 1668 3333 opprimere
1699 3258 1835 3334 igni,

428 3363 533 3403 cur
559 3354 723 3402 tonat
750 3362 825 3402 ex
850 3345 947 3403 illa
972 3356 1154 3420 parte,
1184 3357 1247 3405 ut
1274 3347 1453 3405 vitare
1483 3365 1785 3424 queamuS‚

427 3452 533 3492 cur
560 3435 829 3493 tenebras
856 3445 991 3494 ante
1021 3445 1081 3494 et
1108 3437 1366 3496 fremitus
1397 3448 1457 3497 et
1485 3458 1782 3498 murmura
1807 3440 2047 3500 concit?
2147 3463 2248 3510 410

430 3534 491 3582 et
519 3525 689 3582 simul
717 3526 778 3583 in
805 3525 1014 3585 multas
1042 3529 1219 3602 partis
1249 3530 1349 3604 qui
1379 3530 1622 3589 credere
1651 3531 1844 3606 possis
