<?xml version="1.0" encoding="UTF-8"?>
<!DOCTYPE html PUBLIC "-//W3C//DTD XHTML 1.0 Transitional//EN"
    "http://www.w3.org/TR/xhtml1/DTD/xhtml1-transitional.dtd">
<html xmlns="http://www.w3.org/1999/xhtml" xml:lang="en" lang="en">
 <head>
  <title>
</title>
<meta http-equiv="Content-Type" content="text/html;charset=utf-8" />
  <meta name='ocr-system' content='tesseract 3.04.00' />
  <meta name='ocr-capabilities' content='ocr_page ocr_carea ocr_par ocr_line ocrx_word'/>
</head>
<body>
  <div class='ocr_page' id='page_1' title='image "./tlucreticarider06unkngoog_0247.png"; bbox 0 0 2784 3992; ppageno 0'>
   <div class='ocr_carea' id='block_1_1' title="bbox 410 328 2296 406">
    <p class='ocr_par' dir='ltr' id='par_1_1' title="bbox 410 328 2296 406">
     <span class='ocr_line' id='line_1_1' title="bbox 410 328 2296 406; baseline 0.004 -23"><span class='ocrx_word' id='word_1_1' title='bbox 410 328 543 403; x_wconf 86' lang='lat' dir='ltr'><strong>v1.]</strong></span> <span class='ocrx_word' id='word_1_2' title='bbox 914 330 1022 385; x_wconf 81' lang='lat' dir='ltr'><strong>DE</strong></span> <span class='ocrx_word' id='word_1_3' title='bbox 1073 330 1367 387; x_wconf 79' lang='lat' dir='ltr'><strong>RERUM</strong></span> <span class='ocrx_word' id='word_1_4' title='bbox 1424 334 1766 391; x_wconf 83' lang='lat' dir='ltr'><strong>NATURA</strong></span> <span class='ocrx_word' id='word_1_5' title='bbox 2109 328 2221 406; x_wconf 85' lang='lat'><strong>185</strong></span> <span class='ocrx_word' id='word_1_6' title='bbox 2287 370 2296 381; x_wconf 87' lang='lat'><strong>.</strong></span> 
     </span>
    </p>
   </div>
   <div class='ocr_carea' id='block_1_2' title="bbox 318 477 2220 3641">
    <p class='ocr_par' dir='ltr' id='par_1_2' title="bbox 412 477 1996 629">
     <span class='ocr_line' id='line_1_2' title="bbox 412 477 1996 558; baseline 0.006 -25"><span class='ocrx_word' id='word_1_7' title='bbox 412 477 588 534; x_wconf 88' lang='lat' dir='ltr'><strong>multa</strong></span> <span class='ocrx_word' id='word_1_8' title='bbox 613 486 932 553; x_wconf 87' lang='lat' dir='ltr'><strong>rotantque</strong></span> <span class='ocrx_word' id='word_1_9' title='bbox 959 478 1113 536; x_wconf 89' lang='lat' dir='ltr'><strong>cavis</strong></span> <span class='ocrx_word' id='word_1_10' title='bbox 1142 480 1435 538; x_wconf 88' lang='lat' dir='ltr'><strong>flammam</strong></span> <span class='ocrx_word' id='word_1_11' title='bbox 1464 482 1794 540; x_wconf 86' lang='lat' dir='ltr'>fornacibus</span> <span class='ocrx_word' id='word_1_12' title='bbox 1823 482 1996 558; x_wconf 90' lang='lat' dir='ltr'><strong>intus,</strong></span> 
     </span>
     <span class='ocr_line' id='line_1_3' title="bbox 414 566 1621 629; baseline 0.004 -5"><span class='ocrx_word' id='word_1_13' title='bbox 414 566 602 625; x_wconf 91' lang='lat' dir='ltr'><strong>donec</strong></span> <span class='ocrx_word' id='word_1_14' title='bbox 630 567 861 627; x_wconf 90' lang='lat' dir='ltr'><strong>divolsa</strong></span> <span class='ocrx_word' id='word_1_15' title='bbox 888 569 1163 628; x_wconf 87' lang='lat' dir='ltr'><strong>fulserunt</strong></span> <span class='ocrx_word' id='word_1_16' title='bbox 1192 572 1346 627; x_wconf 87' lang='lat' dir='ltr'><strong>nube</strong></span> <span class='ocrx_word' id='word_1_17' title='bbox 1378 573 1621 629; x_wconf 88' lang='lat' dir='ltr'><strong>corusci.</strong></span> 
     </span>
    </p>

    <p class='ocr_par' dir='ltr' id='par_1_3' title="bbox 360 660 2220 2005">
     <span class='ocr_line' id='line_1_4' title="bbox 492 660 1733 722; baseline 0.005 -7"><span class='ocrx_word' id='word_1_18' title='bbox 492 660 627 717; x_wconf 92' lang='lat' dir='ltr'><strong>Hac</strong></span> <span class='ocrx_word' id='word_1_19' title='bbox 655 661 835 717; x_wconf 89' lang='lat' dir='ltr'><strong>etiam</strong></span> <span class='ocrx_word' id='word_1_20' title='bbox 867 661 931 718; x_wconf 87' lang='lat' dir='ltr'><strong>fit</strong></span> <span class='ocrx_word' id='word_1_21' title='bbox 959 662 1040 718; x_wconf 89' lang='lat' dir='ltr'><strong>uti</strong></span> <span class='ocrx_word' id='word_1_22' title='bbox 1071 661 1145 717; x_wconf 91' lang='lat' dir='ltr'><strong>de</strong></span> <span class='ocrx_word' id='word_1_23' title='bbox 1177 681 1350 718; x_wconf 87' lang='lat' dir='ltr'><strong>causa</strong></span> <span class='ocrx_word' id='word_1_24' title='bbox 1378 663 1609 721; x_wconf 88' lang='lat' dir='ltr'><strong>mobilis</strong></span> <span class='ocrx_word' id='word_1_25' title='bbox 1638 664 1733 722; x_wconf 92' lang='lat' dir='ltr'><strong>ille</strong></span> 
     </span>
     <span class='ocr_line' id='line_1_5' title="bbox 412 747 2220 831; baseline 0.004 -25"><span class='ocrx_word' id='word_1_26' title='bbox 412 747 643 808; x_wconf 86' lang='lat' dir='ltr'>devolet</span> <span class='ocrx_word' id='word_1_27' title='bbox 670 752 730 808; x_wconf 91' lang='lat' dir='ltr'><strong>in</strong></span> <span class='ocrx_word' id='word_1_28' title='bbox 760 761 972 809; x_wconf 88' lang='lat' dir='ltr'><strong>terram</strong></span> <span class='ocrx_word' id='word_1_29' title='bbox 1000 751 1204 827; x_wconf 88' lang='lat' dir='ltr'>liquidi</span> <span class='ocrx_word' id='word_1_30' title='bbox 1233 754 1398 809; x_wconf 90' lang='lat' dir='ltr'><strong>color</strong></span> <span class='ocrx_word' id='word_1_31' title='bbox 1424 773 1631 812; x_wconf 89' lang='lat' dir='ltr'><strong>aureus</strong></span> <span class='ocrx_word' id='word_1_32' title='bbox 1662 755 1813 831; x_wconf 90' lang='lat' dir='ltr'><strong>ignis</strong></span> <span class='ocrx_word' id='word_1_33' title='bbox 2130 777 2220 830; x_wconf 86' lang='lat'><strong>205</strong></span> 
     </span>
     <span class='ocr_line' id='line_1_6' title="bbox 411 839 1862 919; baseline 0.004 -20"><span class='ocrx_word' id='word_1_34' title='bbox 411 844 630 899; x_wconf 88' lang='lat' dir='ltr'><strong>semina</strong></span> <span class='ocrx_word' id='word_1_35' title='bbox 659 842 823 917; x_wconf 91' lang='lat' dir='ltr'><strong>quod</strong></span> <span class='ocrx_word' id='word_1_36' title='bbox 851 844 1036 902; x_wconf 89' lang='lat' dir='ltr'><strong>nubes</strong></span> <span class='ocrx_word' id='word_1_37' title='bbox 1060 839 1217 919; x_wconf 74' lang='lat' dir='ltr'><strong>&#39;ipsas</strong></span> <span class='ocrx_word' id='word_1_38' title='bbox 1246 847 1533 919; x_wconf 88' lang='lat' dir='ltr'><strong>permulta</strong></span> <span class='ocrx_word' id='word_1_39' title='bbox 1561 856 1862 905; x_wconf 86' lang='lat' dir='ltr'><strong>necessust</strong></span> 
     </span>
     <span class='ocr_line' id='line_1_7' title="bbox 409 931 1983 1011; baseline 0.006 -24"><span class='ocrx_word' id='word_1_40' title='bbox 409 931 553 1006; x_wconf 91' lang='lat' dir='ltr'><strong>ignis</strong></span> <span class='ocrx_word' id='word_1_41' title='bbox 582 934 796 991; x_wconf 86' lang='lat' dir='ltr'><strong>habere</strong></span> <span class='ocrx_word' id='word_1_42' title='bbox 817 955 835 1006; x_wconf 81' lang='lat'>3</span> <span class='ocrx_word' id='word_1_43' title='bbox 880 936 1099 992; x_wconf 86' lang='lat' dir='ltr'>etenim</span> <span class='ocrx_word' id='word_1_44' title='bbox 1128 953 1262 991; x_wconf 89' lang='lat' dir='ltr'><strong>curn</strong></span> <span class='ocrx_word' id='word_1_45' title='bbox 1294 946 1426 992; x_wconf 91' lang='lat' dir='ltr'><strong>sunt</strong></span> <span class='ocrx_word' id='word_1_46' title='bbox 1456 955 1658 994; x_wconf 91' lang='lat' dir='ltr'><strong>umore</strong></span> <span class='ocrx_word' id='word_1_47' title='bbox 1688 938 1813 996; x_wconf 92' lang='lat' dir='ltr'><strong>sine</strong></span> <span class='ocrx_word' id='word_1_48' title='bbox 1844 938 1983 1011; x_wconf 88' lang='lat' dir='ltr'><strong>ullo,</strong></span> 
     </span>
     <span class='ocr_line' id='line_1_8' title="bbox 407 1010 2017 1101; baseline 0.005 -22"><span class='ocrx_word' id='word_1_49' title='bbox 407 1010 707 1081; x_wconf 83' lang='lat' dir='ltr'><strong>flammeus</strong></span> <span class='ocrx_word' id='word_1_50' title='bbox 737 1034 825 1081; x_wconf 93' lang='lat' dir='ltr'><strong>est</strong></span> <span class='ocrx_word' id='word_1_51' title='bbox 852 1024 1195 1098; x_wconf 90' lang='lat' dir='ltr'><strong>plerumque</strong></span> <span class='ocrx_word' id='word_1_52' title='bbox 1226 1026 1389 1082; x_wconf 90' lang='lat' dir='ltr'><strong>colos</strong></span> <span class='ocrx_word' id='word_1_53' title='bbox 1419 1036 1476 1083; x_wconf 92' lang='lat' dir='ltr'><strong>et</strong></span> <span class='ocrx_word' id='word_1_54' title='bbox 1506 1027 1846 1101; x_wconf 85' lang='lat' dir='ltr'><strong>splendidus</strong></span> <span class='ocrx_word' id='word_1_55' title='bbox 1875 1028 2017 1087; x_wconf 87' lang='lat' dir='ltr'><strong>ollis.</strong></span> 
     </span>
     <span class='ocr_line' id='line_1_9' title="bbox 404 1114 1802 1197; baseline 0.004 -27"><span class='ocrx_word' id='word_1_56' title='bbox 404 1114 545 1187; x_wconf 91' lang='lat' dir='ltr'><strong>quin</strong></span> <span class='ocrx_word' id='word_1_57' title='bbox 575 1116 751 1197; x_wconf 79' lang='lat' dir='ltr'><strong>etiarn</strong></span> <span class='ocrx_word' id='word_1_58' title='bbox 779 1115 913 1173; x_wconf 91' lang='lat' dir='ltr'><strong>solis</strong></span> <span class='ocrx_word' id='word_1_59' title='bbox 943 1115 1018 1172; x_wconf 92' lang='lat' dir='ltr'><strong>de</strong></span> <span class='ocrx_word' id='word_1_60' title='bbox 1048 1116 1266 1173; x_wconf 89' lang='lat' dir='ltr'><strong>lumine</strong></span> <span class='ocrx_word' id='word_1_61' title='bbox 1297 1117 1478 1173; x_wconf 92' lang='lat' dir='ltr'><strong>multa</strong></span> <span class='ocrx_word' id='word_1_62' title='bbox 1505 1129 1802 1176; x_wconf 90' lang='lat' dir='ltr'><strong>necessest</strong></span> 
     </span>
     <span class='ocr_line' id='line_1_10' title="bbox 403 1205 2220 1284; baseline 0.004 -23"><span class='ocrx_word' id='word_1_63' title='bbox 403 1205 737 1281; x_wconf 89' lang='lat' dir='ltr'><strong>concipere,</strong></span> <span class='ocrx_word' id='word_1_64' title='bbox 766 1217 830 1264; x_wconf 90' lang='lat' dir='ltr'><strong>ut</strong></span> <span class='ocrx_word' id='word_1_65' title='bbox 858 1206 1066 1264; x_wconf 90' lang='lat' dir='ltr'><strong>merito</strong></span> <span class='ocrx_word' id='word_1_66' title='bbox 1095 1206 1341 1264; x_wconf 86' lang='lat' dir='ltr'><strong>rubeant</strong></span> <span class='ocrx_word' id='word_1_67' title='bbox 1369 1208 1651 1282; x_wconf 90' lang='lat' dir='ltr'><strong>ignesque</strong></span> <span class='ocrx_word' id='word_1_68' title='bbox 1682 1210 2056 1284; x_wconf 84' lang='lat' dir='ltr'><strong>profundant.</strong></span> <span class='ocrx_word' id='word_1_69' title='bbox 2123 1232 2220 1267; x_wconf 87' lang='lat'><strong>210</strong></span> 
     </span>
     <span class='ocr_line' id='line_1_11' title="bbox 402 1295 1995 1372; baseline 0.003 -19"><span class='ocrx_word' id='word_1_70' title='bbox 402 1295 579 1353; x_wconf 89' lang='lat' dir='ltr'><strong>hasce</strong></span> <span class='ocrx_word' id='word_1_71' title='bbox 611 1297 779 1371; x_wconf 90' lang='lat' dir='ltr'><strong>igitur</strong></span> <span class='ocrx_word' id='word_1_72' title='bbox 804 1315 942 1354; x_wconf 91' lang='lat' dir='ltr'><strong>cum</strong></span> <span class='ocrx_word' id='word_1_73' title='bbox 970 1306 1176 1355; x_wconf 90' lang='lat' dir='ltr'><strong>ventus</strong></span> <span class='ocrx_word' id='word_1_74' title='bbox 1204 1316 1383 1372; x_wconf 86' lang='lat' dir='ltr'><strong>agens</strong></span> <span class='ocrx_word' id='word_1_75' title='bbox 1413 1299 1696 1357; x_wconf 89' lang='lat' dir='ltr'><strong>contrusit</strong></span> <span class='ocrx_word' id='word_1_76' title='bbox 1724 1300 1783 1356; x_wconf 92' lang='lat' dir='ltr'><strong>in</strong></span> <span class='ocrx_word' id='word_1_77' title='bbox 1810 1319 1995 1358; x_wconf 92' lang='lat' dir='ltr'><strong>unum</strong></span> 
     </span>
     <span class='ocr_line' id='line_1_12' title="bbox 402 1388 2044 1464; baseline 0.004 -21"><span class='ocrx_word' id='word_1_78' title='bbox 402 1388 859 1461; x_wconf 86' lang='lat' dir='ltr'><strong>compressitque</strong></span> <span class='ocrx_word' id='word_1_79' title='bbox 889 1388 1086 1446; x_wconf 89' lang='lat' dir='ltr'><strong>locum</strong></span> <span class='ocrx_word' id='word_1_80' title='bbox 1114 1406 1351 1463; x_wconf 89' lang='lat' dir='ltr'><strong>cogens,</strong></span> <span class='ocrx_word' id='word_1_81' title='bbox 1382 1407 1657 1463; x_wconf 89' lang='lat' dir='ltr'><strong>expressa</strong></span> <span class='ocrx_word' id='word_1_82' title='bbox 1684 1391 2044 1464; x_wconf 89' lang='lat' dir='ltr'><strong>profundunt</strong></span> 
     </span>
     <span class='ocr_line' id='line_1_13' title="bbox 400 1478 1874 1554; baseline 0.004 -20"><span class='ocrx_word' id='word_1_83' title='bbox 400 1478 626 1535; x_wconf 91' lang='lat' dir='ltr'><strong>semina</strong></span> <span class='ocrx_word' id='word_1_84' title='bbox 653 1496 801 1551; x_wconf 91' lang='lat' dir='ltr'><strong>quae</strong></span> <span class='ocrx_word' id='word_1_85' title='bbox 832 1478 1052 1536; x_wconf 85' lang='lat' dir='ltr'><strong>faciunt</strong></span> <span class='ocrx_word' id='word_1_86' title='bbox 1078 1478 1350 1536; x_wconf 85' lang='lat' dir='ltr'><strong>flammae</strong></span> <span class='ocrx_word' id='word_1_87' title='bbox 1380 1479 1599 1554; x_wconf 88' lang='lat' dir='ltr'><strong>fulgere</strong></span> <span class='ocrx_word' id='word_1_88' title='bbox 1629 1481 1874 1540; x_wconf 78' lang='lat' dir='ltr'><strong>colores·</strong></span> 
     </span>
     <span class='ocr_line' id='line_1_14' title="bbox 399 1567 1938 1643; baseline 0.004 -20"><span class='ocrx_word' id='word_1_89' title='bbox 399 1567 564 1643; x_wconf 87' lang='lat' dir='ltr'><strong>fulgit</strong></span> <span class='ocrx_word' id='word_1_90' title='bbox 591 1568 750 1639; x_wconf 90' lang='lat' dir='ltr'><strong>item,</strong></span> <span class='ocrx_word' id='word_1_91' title='bbox 779 1586 916 1626; x_wconf 94' lang='lat' dir='ltr'><strong>cum</strong></span> <span class='ocrx_word' id='word_1_92' title='bbox 944 1578 1244 1627; x_wconf 87' lang='lat' dir='ltr'><strong>rarescunt</strong></span> <span class='ocrx_word' id='word_1_93' title='bbox 1273 1586 1514 1643; x_wconf 91' lang='lat' dir='ltr'><strong>quoque</strong></span> <span class='ocrx_word' id='word_1_94' title='bbox 1544 1570 1743 1628; x_wconf 91' lang='lat' dir='ltr'><strong>nubila</strong></span> <span class='ocrx_word' id='word_1_95' title='bbox 1772 1571 1938 1630; x_wconf 86' lang='lat' dir='ltr'><strong>caeli.</strong></span> 
     </span>
     <span class='ocr_line' id='line_1_15' title="bbox 397 1659 2208 1737; baseline 0.003 -22"><span class='ocrx_word' id='word_1_96' title='bbox 397 1677 535 1716; x_wconf 89' lang='lat' dir='ltr'><strong>nam</strong></span> <span class='ocrx_word' id='word_1_97' title='bbox 564 1676 701 1715; x_wconf 93' lang='lat' dir='ltr'><strong>cum</strong></span> <span class='ocrx_word' id='word_1_98' title='bbox 727 1669 934 1717; x_wconf 90' lang='lat' dir='ltr'><strong>ventus</strong></span> <span class='ocrx_word' id='word_1_99' title='bbox 964 1677 1061 1717; x_wconf 91' lang='lat' dir='ltr'><strong>eas</strong></span> <span class='ocrx_word' id='word_1_100' title='bbox 1089 1660 1291 1717; x_wconf 89' lang='lat' dir='ltr'><strong>leviter</strong></span> <span class='ocrx_word' id='word_1_101' title='bbox 1319 1659 1546 1718; x_wconf 91' lang='lat' dir='ltr'><strong>diducit</strong></span> <span class='ocrx_word' id='word_1_102' title='bbox 1575 1662 1764 1719; x_wconf 91' lang='lat' dir='ltr'><strong>euntis</strong></span> <span class='ocrx_word' id='word_1_103' title='bbox 2116 1682 2208 1737; x_wconf 84' lang='lat'><strong>²15</strong></span> 
     </span>
     <span class='ocr_line' id='line_1_16' title="bbox 397 1747 1754 1825; baseline 0.002 -19"><span class='ocrx_word' id='word_1_104' title='bbox 397 1747 797 1823; x_wconf 88' lang='lat' dir='ltr'><strong>dissoluitque,</strong></span> <span class='ocrx_word' id='word_1_105' title='bbox 828 1749 1042 1807; x_wconf 85' lang='lat' dir='ltr'><strong>cadant</strong></span> <span class='ocrx_word' id='word_1_106' title='bbox 1069 1751 1304 1825; x_wconf 86' lang='lat' dir='ltr'><strong>ingratis</strong></span> <span class='ocrx_word' id='word_1_107' title='bbox 1334 1750 1430 1807; x_wconf 89' lang='lat' dir='ltr'><strong>illa</strong></span> <span class='ocrx_word' id='word_1_108' title='bbox 1457 1762 1754 1809; x_wconf 89' lang='lat' dir='ltr'><strong>necessest</strong></span> 
     </span>
     <span class='ocr_line' id='line_1_17' title="bbox 396 1840 1904 1915; baseline 0.002 -18"><span class='ocrx_word' id='word_1_109' title='bbox 396 1841 622 1897; x_wconf 91' lang='lat' dir='ltr'><strong>semina</strong></span> <span class='ocrx_word' id='word_1_110' title='bbox 649 1858 798 1915; x_wconf 89' lang='lat' dir='ltr'><strong>quae</strong></span> <span class='ocrx_word' id='word_1_111' title='bbox 828 1840 1048 1898; x_wconf 86' lang='lat' dir='ltr'><strong>faciunt</strong></span> <span class='ocrx_word' id='word_1_112' title='bbox 1075 1840 1375 1915; x_wconf 89' lang='lat' dir='ltr'><strong>fulgorem.</strong></span> <span class='ocrx_word' id='word_1_113' title='bbox 1409 1851 1534 1898; x_wconf 89' lang='lat' dir='ltr'><strong>tum</strong></span> <span class='ocrx_word' id='word_1_114' title='bbox 1563 1843 1687 1899; x_wconf 91' lang='lat' dir='ltr'><strong>sine</strong></span> <span class='ocrx_word' id='word_1_115' title='bbox 1718 1852 1904 1900; x_wconf 88' lang='lat' dir='ltr'><strong>taetro</strong></span> 
     </span>
     <span class='ocr_line' id='line_1_18' title="bbox 360 1931 1710 2005; baseline 0.001 -18"><span class='ocrx_word' id='word_1_116' title='bbox 360 1954 363 1957; x_wconf 48' lang='lat'><strong>⁴</strong></span> <span class='ocrx_word' id='word_1_117' title='bbox 394 1939 610 1988; x_wconf 88' lang='lat' dir='ltr'><strong>terrore</strong></span> <span class='ocrx_word' id='word_1_118' title='bbox 641 1941 699 1988; x_wconf 90' lang='lat' dir='ltr'><strong>et</strong></span> <span class='ocrx_word' id='word_1_119' title='bbox 727 1931 917 1988; x_wconf 90' lang='lat' dir='ltr'><strong>sonitu</strong></span> <span class='ocrx_word' id='word_1_120' title='bbox 946 1931 1110 2005; x_wconf 89' lang='lat' dir='ltr'><strong>fulgit</strong></span> <span class='ocrx_word' id='word_1_121' title='bbox 1137 1931 1414 2005; x_wconf 92' lang='lat' dir='ltr'><strong>nulloque</strong></span> <span class='ocrx_word' id='word_1_122' title='bbox 1445 1932 1710 1989; x_wconf 88' lang='lat' dir='ltr'><strong>tumultu.</strong></span> 
     </span>
    </p>

    <p class='ocr_par' dir='ltr' id='par_1_4' title="bbox 318 2021 2212 3641">
     <span class='ocr_line' id='line_1_19' title="bbox 474 2021 1975 2096; baseline 0.003 -19"><span class='ocrx_word' id='word_1_123' title='bbox 474 2021 657 2095; x_wconf 87' lang='lat' dir='ltr'><strong>Quod</strong></span> <span class='ocrx_word' id='word_1_124' title='bbox 688 2031 967 2095; x_wconf 89' lang='lat' dir='ltr'><strong>superest,</strong></span> <span class='ocrx_word' id='word_1_125' title='bbox 986 2021 1139 2095; x_wconf 90' lang='lat' dir='ltr'><strong>quali</strong></span> <span class='ocrx_word' id='word_1_126' title='bbox 1170 2031 1375 2078; x_wconf 89' lang='lat' dir='ltr'><strong>natura</strong></span> <span class='ocrx_word' id='word_1_127' title='bbox 1406 2022 1670 2096; x_wconf 91' lang='lat' dir='ltr'><strong>praedita</strong></span> <span class='ocrx_word' id='word_1_128' title='bbox 1700 2032 1975 2082; x_wconf 82' lang='lat' dir='ltr'><strong>constent</strong></span> 
     </span>
     <span class='ocr_line' id='line_1_20' title="bbox 392 2110 2212 2187; baseline 0.002 -20"><span class='ocrx_word' id='word_1_129' title='bbox 392 2110 650 2181; x_wconf 88' lang='lat' dir='ltr'><strong>fulmina,</strong></span> <span class='ocrx_word' id='word_1_130' title='bbox 681 2111 984 2168; x_wconf 87' lang='lat' dir='ltr'><strong>declarant</strong></span> <span class='ocrx_word' id='word_1_131' title='bbox 1012 2112 1159 2168; x_wconf 89' lang='lat' dir='ltr'><strong>ictus</strong></span> <span class='ocrx_word' id='word_1_132' title='bbox 1189 2121 1247 2168; x_wconf 89' lang='lat' dir='ltr'><strong>et</strong></span> <span class='ocrx_word' id='word_1_133' title='bbox 1276 2112 1466 2169; x_wconf 90' lang='lat' dir='ltr'><strong>inusta</strong></span> <span class='ocrx_word' id='word_1_134' title='bbox 1493 2113 1723 2187; x_wconf 90' lang='lat' dir='ltr'><strong>vaporis</strong></span> <span class='ocrx_word' id='word_1_135' title='bbox 2118 2136 2212 2171; x_wconf 88' lang='lat'><strong>220</strong></span> 
     </span>
     <span class='ocr_line' id='line_1_21' title="bbox 318 2186 1862 2285; baseline 0.003 -28"><span class='ocrx_word' id='word_1_136' title='bbox 318 2186 329 2196; x_wconf 64' lang='grc'><strong><em>’</em></strong></span> <span class='ocrx_word' id='word_1_137' title='bbox 392 2202 555 2276; x_wconf 90' lang='lat' dir='ltr'><strong>signa</strong></span> <span class='ocrx_word' id='word_1_138' title='bbox 582 2212 877 2285; x_wconf 89' lang='lat' dir='ltr'><strong>notaeque</strong></span> <span class='ocrx_word' id='word_1_139' title='bbox 908 2203 1093 2277; x_wconf 90' lang='lat' dir='ltr'><strong>gravis</strong></span> <span class='ocrx_word' id='word_1_140' title='bbox 1121 2202 1367 2259; x_wconf 84' lang='lat' dir='ltr'><strong>halantis</strong></span> <span class='ocrx_word' id='word_1_141' title='bbox 1400 2204 1648 2276; x_wconf 90' lang='lat' dir='ltr'><strong>sulpuris</strong></span> <span class='ocrx_word' id='word_1_142' title='bbox 1677 2222 1862 2263; x_wconf 87' lang='lat' dir='ltr'><strong>auras.</strong></span> 
     </span>
     <span class='ocr_line' id='line_1_22' title="bbox 391 2291 2060 2369; baseline 0.003 -21"><span class='ocrx_word' id='word_1_143' title='bbox 391 2292 536 2367; x_wconf 90' lang='lat' dir='ltr'><strong>ignis</strong></span> <span class='ocrx_word' id='word_1_144' title='bbox 565 2294 724 2350; x_wconf 91' lang='lat' dir='ltr'><strong>enim</strong></span> <span class='ocrx_word' id='word_1_145' title='bbox 752 2303 887 2351; x_wconf 92' lang='lat' dir='ltr'><strong>sunt</strong></span> <span class='ocrx_word' id='word_1_146' title='bbox 916 2291 1063 2349; x_wconf 89' lang='lat' dir='ltr'><strong>haec</strong></span> <span class='ocrx_word' id='word_1_147' title='bbox 1090 2311 1212 2350; x_wconf 94' lang='lat' dir='ltr'><strong>non</strong></span> <span class='ocrx_word' id='word_1_148' title='bbox 1240 2294 1397 2350; x_wconf 87' lang='lat' dir='ltr'><strong>venti</strong></span> <span class='ocrx_word' id='word_1_149' title='bbox 1429 2294 1592 2368; x_wconf 89' lang='lat' dir='ltr'><strong>signa</strong></span> <span class='ocrx_word' id='word_1_150' title='bbox 1621 2312 1813 2369; x_wconf 92' lang='lat' dir='ltr'><strong>neque</strong></span> <span class='ocrx_word' id='word_1_151' title='bbox 1845 2295 2060 2354; x_wconf 74' lang='lat' dir='ltr'><strong>imbris,</strong></span> 
     </span>
     <span class='ocr_line' id='line_1_23' title="bbox 389 2382 2050 2458; baseline 0.002 -19"><span class='ocrx_word' id='word_1_152' title='bbox 389 2394 689 2457; x_wconf 88' lang='lat' dir='ltr'><strong>praeterea</strong></span> <span class='ocrx_word' id='word_1_153' title='bbox 716 2402 891 2458; x_wconf 90' lang='lat' dir='ltr'><strong>saepe</strong></span> <span class='ocrx_word' id='word_1_154' title='bbox 922 2382 1254 2440; x_wconf 90' lang='lat' dir='ltr'><strong>accendunt</strong></span> <span class='ocrx_word' id='word_1_155' title='bbox 1284 2402 1523 2457; x_wconf 91' lang='lat' dir='ltr'><strong>quoque</strong></span> <span class='ocrx_word' id='word_1_156' title='bbox 1554 2394 1712 2442; x_wconf 87' lang='lat' dir='ltr'><strong>tecta</strong></span> <span class='ocrx_word' id='word_1_157' title='bbox 1738 2385 2050 2444; x_wconf 85' lang='lat' dir='ltr'><strong>domorum</strong></span> 
     </span>
     <span class='ocr_line' id='line_1_24' title="bbox 388 2474 1856 2549; baseline 0.001 -18"><span class='ocrx_word' id='word_1_158' title='bbox 388 2483 447 2531; x_wconf 91' lang='lat' dir='ltr'><strong>et</strong></span> <span class='ocrx_word' id='word_1_159' title='bbox 475 2475 651 2533; x_wconf 89' lang='lat' dir='ltr'><strong>celeri</strong></span> <span class='ocrx_word' id='word_1_160' title='bbox 678 2475 913 2532; x_wconf 88' lang='lat' dir='ltr'><strong>flamma</strong></span> <span class='ocrx_word' id='word_1_161' title='bbox 940 2474 1311 2532; x_wconf 87' lang='lat' dir='ltr'><strong>dominantur</strong></span> <span class='ocrx_word' id='word_1_162' title='bbox 1340 2475 1398 2531; x_wconf 90' lang='lat' dir='ltr'><strong>in</strong></span> <span class='ocrx_word' id='word_1_163' title='bbox 1428 2474 1671 2533; x_wconf 88' lang='lat' dir='ltr'><strong>aedibus</strong></span> <span class='ocrx_word' id='word_1_164' title='bbox 1701 2476 1856 2549; x_wconf 76' lang='lat' dir='ltr'><strong>ipsis,</strong></span> 
     </span>
     <span class='ocr_line' id='line_1_25' title="bbox 386 2564 2204 2641; baseline 0.001 -19"><span class='ocrx_word' id='word_1_165' title='bbox 386 2564 543 2623; x_wconf 90' lang='lat' dir='ltr'><strong>hunc</strong></span> <span class='ocrx_word' id='word_1_166' title='bbox 571 2566 677 2623; x_wconf 91' lang='lat' dir='ltr'><strong>tibi</strong></span> <span class='ocrx_word' id='word_1_167' title='bbox 705 2567 973 2623; x_wconf 89' lang='lat' dir='ltr'><strong>subtilem</strong></span> <span class='ocrx_word' id='word_1_168' title='bbox 1002 2584 1137 2622; x_wconf 89' lang='lat' dir='ltr'><strong>cum</strong></span> <span class='ocrx_word' id='word_1_169' title='bbox 1168 2565 1365 2639; x_wconf 89' lang='lat' dir='ltr'><strong>primis</strong></span> <span class='ocrx_word' id='word_1_170' title='bbox 1395 2566 1622 2639; x_wconf 87' lang='lat' dir='ltr'><strong>ignibus</strong></span> <span class='ocrx_word' id='word_1_171' title='bbox 1652 2567 1848 2641; x_wconf 88' lang='lat' dir='ltr'><strong>ignem</strong></span> <span class='ocrx_word' id='word_1_172' title='bbox 2114 2587 2204 2639; x_wconf 84' lang='lat'><strong>225</strong></span> 
     </span>
     <span class='ocr_line' id='line_1_26' title="bbox 384 2655 1632 2730; baseline 0.001 -17"><span class='ocrx_word' id='word_1_173' title='bbox 384 2657 682 2714; x_wconf 89' lang='lat' dir='ltr'><strong>constituit</strong></span> <span class='ocrx_word' id='word_1_174' title='bbox 707 2666 914 2715; x_wconf 89' lang='lat' dir='ltr'><strong>natura</strong></span> <span class='ocrx_word' id='word_1_175' title='bbox 941 2655 1177 2713; x_wconf 91' lang='lat' dir='ltr'><strong>minutis</strong></span> <span class='ocrx_word' id='word_1_176' title='bbox 1206 2655 1632 2730; x_wconf 91' lang='lat' dir='ltr'><strong>mobilibusque</strong></span> 
     </span>
     <span class='ocr_line' id='line_1_27' title="bbox 385 2746 1801 2822; baseline 0.001 -19"><span class='ocrx_word' id='word_1_177' title='bbox 385 2747 745 2821; x_wconf 82' lang='lat' dir='ltr'><strong>corporibuS,</strong></span> <span class='ocrx_word' id='word_1_178' title='bbox 778 2748 875 2804; x_wconf 91' lang='lat' dir='ltr'><strong>cui</strong></span> <span class='ocrx_word' id='word_1_179' title='bbox 904 2748 984 2804; x_wconf 92' lang='lat' dir='ltr'><strong>nil</strong></span> <span class='ocrx_word' id='word_1_180' title='bbox 1013 2746 1259 2805; x_wconf 91' lang='lat' dir='ltr'><strong>omnino</strong></span> <span class='ocrx_word' id='word_1_181' title='bbox 1290 2746 1570 2804; x_wconf 90' lang='lat' dir='ltr'><strong>obsistere</strong></span> <span class='ocrx_word' id='word_1_182' title='bbox 1600 2747 1801 2822; x_wconf 90' lang='lat' dir='ltr'><strong>possit.</strong></span> 
     </span>
     <span class='ocr_line' id='line_1_28' title="bbox 382 2836 2023 2913; baseline 0.001 -19"><span class='ocrx_word' id='word_1_183' title='bbox 382 2838 585 2894; x_wconf 90' lang='lat' dir='ltr'><strong>transit</strong></span> <span class='ocrx_word' id='word_1_184' title='bbox 606 2838 765 2895; x_wconf 92' lang='lat' dir='ltr'><strong>enim</strong></span> <span class='ocrx_word' id='word_1_185' title='bbox 792 2837 1050 2895; x_wconf 90' lang='lat' dir='ltr'><strong>validum</strong></span> <span class='ocrx_word' id='word_1_186' title='bbox 1080 2838 1300 2895; x_wconf 87' lang='lat' dir='ltr'><strong>fulmen</strong></span> <span class='ocrx_word' id='word_1_187' title='bbox 1329 2856 1436 2913; x_wconf 91' lang='lat' dir='ltr'><strong>per</strong></span> <span class='ocrx_word' id='word_1_188' title='bbox 1462 2847 1664 2913; x_wconf 89' lang='lat' dir='ltr'><strong>saepta</strong></span> <span class='ocrx_word' id='word_1_189' title='bbox 1692 2836 2023 2911; x_wconf 87' lang='lat' dir='ltr'><strong>domorum,</strong></span> 
     </span>
     <span class='ocr_line' id='line_1_29' title="bbox 380 2928 1882 3004; baseline 0.001 -20"><span class='ocrx_word' id='word_1_190' title='bbox 380 2928 605 2985; x_wconf 91' lang='lat' dir='ltr'><strong>clamor</strong></span> <span class='ocrx_word' id='word_1_191' title='bbox 631 2936 697 2985; x_wconf 94' lang='lat' dir='ltr'><strong>ut</strong></span> <span class='ocrx_word' id='word_1_192' title='bbox 724 2946 795 2985; x_wconf 90' lang='lat' dir='ltr'><strong>ac</strong></span> <span class='ocrx_word' id='word_1_193' title='bbox 823 2946 1019 2998; x_wconf 81' lang='lat' dir='ltr'><strong>voceS‚</strong></span> <span class='ocrx_word' id='word_1_194' title='bbox 1050 2928 1250 2987; x_wconf 90' lang='lat' dir='ltr'><strong>transit</strong></span> <span class='ocrx_word' id='word_1_195' title='bbox 1278 2947 1383 3004; x_wconf 90' lang='lat' dir='ltr'><strong>per</strong></span> <span class='ocrx_word' id='word_1_196' title='bbox 1413 2947 1566 3000; x_wconf 89' lang='lat' dir='ltr'><strong>saxa,</strong></span> <span class='ocrx_word' id='word_1_197' title='bbox 1596 2947 1702 3003; x_wconf 88' lang='lat' dir='ltr'><strong>per</strong></span> <span class='ocrx_word' id='word_1_198' title='bbox 1729 2947 1882 3001; x_wconf 89' lang='lat' dir='ltr'><strong>aera,</strong></span> 
     </span>
     <span class='ocr_line' id='line_1_30' title="bbox 376 3017 2202 3093; baseline 0.001 -18"><span class='ocrx_word' id='word_1_199' title='bbox 376 3027 443 3075; x_wconf 90' lang='lat' dir='ltr'><strong>et</strong></span> <span class='ocrx_word' id='word_1_200' title='bbox 468 3017 755 3093; x_wconf 91' lang='lat' dir='ltr'><strong>liquidum</strong></span> <span class='ocrx_word' id='word_1_201' title='bbox 782 3028 1005 3093; x_wconf 89' lang='lat' dir='ltr'><strong>puncto</strong></span> <span class='ocrx_word' id='word_1_202' title='bbox 1034 3019 1173 3077; x_wconf 89' lang='lat' dir='ltr'><strong>facit</strong></span> <span class='ocrx_word' id='word_1_203' title='bbox 1201 3037 1300 3076; x_wconf 91' lang='lat' dir='ltr'><strong>aes</strong></span> <span class='ocrx_word' id='word_1_204' title='bbox 1329 3019 1387 3075; x_wconf 92' lang='lat' dir='ltr'><strong>in</strong></span> <span class='ocrx_word' id='word_1_205' title='bbox 1419 3028 1682 3093; x_wconf 87' lang='lat' dir='ltr'><strong>ternpore</strong></span> <span class='ocrx_word' id='word_1_206' title='bbox 1713 3029 1771 3078; x_wconf 93' lang='lat' dir='ltr'><strong>et</strong></span> <span class='ocrx_word' id='word_1_207' title='bbox 1799 3038 2024 3093; x_wconf 89' lang='lat' dir='ltr'><strong>aurum,</strong></span> <span class='ocrx_word' id='word_1_208' title='bbox 2109 3041 2202 3091; x_wconf 90' lang='lat'><strong>230</strong></span> 
     </span>
     <span class='ocr_line' id='line_1_31' title="bbox 374 3109 1596 3185; baseline 0 -18"><span class='ocrx_word' id='word_1_209' title='bbox 374 3119 545 3167; x_wconf 89' lang='lat' dir='ltr'><strong>curat</strong></span> <span class='ocrx_word' id='word_1_210' title='bbox 574 3109 715 3167; x_wconf 90' lang='lat' dir='ltr'><strong>item</strong></span> <span class='ocrx_word' id='word_1_211' title='bbox 744 3110 893 3167; x_wconf 86' lang='lat' dir='ltr'><strong>vasis</strong></span> <span class='ocrx_word' id='word_1_212' title='bbox 923 3110 1159 3185; x_wconf 89' lang='lat' dir='ltr'><strong>integris</strong></span> <span class='ocrx_word' id='word_1_213' title='bbox 1186 3110 1321 3167; x_wconf 89' lang='lat' dir='ltr'><strong>vina</strong></span> <span class='ocrx_word' id='word_1_214' title='bbox 1348 3120 1596 3183; x_wconf 91' lang='lat' dir='ltr'><strong>repente</strong></span> 
     </span>
     <span class='ocr_line' id='line_1_32' title="bbox 373 3199 1842 3276; baseline 0.001 -19"><span class='ocrx_word' id='word_1_215' title='bbox 373 3199 700 3276; x_wconf 86' lang='lat' dir='ltr'><strong>diffugiant,</strong></span> <span class='ocrx_word' id='word_1_216' title='bbox 732 3200 869 3275; x_wconf 93' lang='lat' dir='ltr'><strong>quia</strong></span> <span class='ocrx_word' id='word_1_217' title='bbox 895 3200 1167 3258; x_wconf 88' lang='lat' dir='ltr'><strong>nimirum</strong></span> <span class='ocrx_word' id='word_1_218' title='bbox 1196 3201 1364 3257; x_wconf 89' lang='lat' dir='ltr'><strong>facile</strong></span> <span class='ocrx_word' id='word_1_219' title='bbox 1394 3201 1595 3258; x_wconf 90' lang='lat' dir='ltr'><strong>omnia</strong></span> <span class='ocrx_word' id='word_1_220' title='bbox 1622 3201 1842 3260; x_wconf 89' lang='lat' dir='ltr'><strong>circum</strong></span> 
     </span>
     <span class='ocr_line' id='line_1_33' title="bbox 370 3290 1638 3365; baseline 0.002 -18"><span class='ocrx_word' id='word_1_221' title='bbox 370 3292 653 3349; x_wconf 88' lang='lat' dir='ltr'><strong>conlaxat</strong></span> <span class='ocrx_word' id='word_1_222' title='bbox 680 3310 923 3365; x_wconf 88' lang='lat' dir='ltr'><strong>rareque</strong></span> <span class='ocrx_word' id='word_1_223' title='bbox 953 3291 1089 3349; x_wconf 89' lang='lat' dir='ltr'><strong>facit</strong></span> <span class='ocrx_word' id='word_1_224' title='bbox 1117 3290 1456 3347; x_wconf 86' lang='lat' dir='ltr'><strong>lateramina</strong></span> <span class='ocrx_word' id='word_1_225' title='bbox 1483 3292 1638 3349; x_wconf 87' lang='lat' dir='ltr'><strong>vasis</strong></span> 
     </span>
     <span class='ocr_line' id='line_1_34' title="bbox 368 3381 1795 3456; baseline -0.001 -16"><span class='ocrx_word' id='word_1_226' title='bbox 368 3381 700 3441; x_wconf 85' lang='lat' dir='ltr'><strong>adveniens</strong></span> <span class='ocrx_word' id='word_1_227' title='bbox 730 3382 887 3439; x_wconf 89' lang='lat' dir='ltr'><strong>calor</strong></span> <span class='ocrx_word' id='word_1_228' title='bbox 913 3382 1039 3439; x_wconf 89' lang='lat' dir='ltr'><strong>eius</strong></span> <span class='ocrx_word' id='word_1_229' title='bbox 1068 3390 1128 3438; x_wconf 92' lang='lat' dir='ltr'><strong>et</strong></span> <span class='ocrx_word' id='word_1_230' title='bbox 1157 3381 1481 3438; x_wconf 90' lang='lat' dir='ltr'><strong>insinuatus</strong></span> <span class='ocrx_word' id='word_1_231' title='bbox 1510 3381 1568 3438; x_wconf 92' lang='lat' dir='ltr'><strong>in</strong></span> <span class='ocrx_word' id='word_1_232' title='bbox 1601 3382 1795 3456; x_wconf 88' lang='lat' dir='ltr'><strong>ipsum</strong></span> 
     </span>
     <span class='ocr_line' id='line_1_35' title="bbox 368 3471 2192 3544; baseline -0.005 -12"><span class='ocrx_word' id='word_1_233' title='bbox 368 3473 673 3532; x_wconf 88' lang='lat' dir='ltr'><strong>mobiliter</strong></span> <span class='ocrx_word' id='word_1_234' title='bbox 702 3472 935 3530; x_wconf 91' lang='lat' dir='ltr'><strong>soluens</strong></span> <span class='ocrx_word' id='word_1_235' title='bbox 964 3471 1155 3530; x_wconf 85' lang='lat' dir='ltr'><strong>differt</strong></span> <span class='ocrx_word' id='word_1_236' title='bbox 1183 3471 1501 3544; x_wconf 89' lang='lat' dir='ltr'><strong>primordia</strong></span> <span class='ocrx_word' id='word_1_237' title='bbox 1527 3472 1661 3528; x_wconf 91' lang='lat' dir='ltr'><strong>vini.</strong></span> <span class='ocrx_word' id='word_1_238' title='bbox 2101 3486 2192 3539; x_wconf 79' lang='lat'><strong>235</strong></span> 
     </span>
     <span class='ocr_line' id='line_1_36' title="bbox 364 3560 1815 3641; baseline -0.005 -19"><span class='ocrx_word' id='word_1_239' title='bbox 364 3561 543 3641; x_wconf 90' lang='lat' dir='ltr'><strong>quod</strong></span> <span class='ocrx_word' id='word_1_240' title='bbox 572 3562 711 3621; x_wconf 86' lang='lat' dir='ltr'><strong>solis</strong></span> <span class='ocrx_word' id='word_1_241' title='bbox 740 3579 921 3636; x_wconf 89' lang='lat' dir='ltr'><strong>vapor</strong></span> <span class='ocrx_word' id='word_1_242' title='bbox 948 3571 1203 3619; x_wconf 90' lang='lat' dir='ltr'><strong>aetatem</strong></span> <span class='ocrx_word' id='word_1_243' title='bbox 1232 3580 1352 3618; x_wconf 91' lang='lat' dir='ltr'><strong>non</strong></span> <span class='ocrx_word' id='word_1_244' title='bbox 1382 3579 1556 3635; x_wconf 89' lang='lat' dir='ltr'><strong>posse</strong></span> <span class='ocrx_word' id='word_1_245' title='bbox 1585 3560 1815 3617; x_wconf 89' lang='lat' dir='ltr'><strong>videtur</strong></span> 
     </span>
    </p>
   </div>
  </div>
 </body>
</html>
