2784 3992
502 297 620 361 128
1161 310 1627 365 LUCRETms
2167 307 2300 381 [1v.

489 481 623 529 ante
652 470 873 543 ocuIOS,
904 471 1079 529 etiam
1106 470 1409 547 vigilantes
1436 479 1502 529 ut
1526 468 1834 530 videantur

489 580 729 619 cernere
755 562 1014 620 saltantis
1043 572 1103 619 et
1130 561 1325 619 mollia
1351 561 1618 620 membra
1644 562 1936 621 moventis
2205 568 2310 635 98⁰.

488 662 548 710 et
576 652 829 710 citharae
856 651 1144 727 liquidum
1173 669 1411 709 carmen
1439 652 1807 727 chordasque
1837 652 2130 727 loquentis

488 743 720 800 auribus
749 743 1018 818 accipere
1048 752 1108 799 et
1134 760 1477 800 consessum
1507 761 1746 800 cernere
1776 742 2035 801 eundem

490 833 804 906 scenaique
833 833 1005 890 simul
1032 833 1221 891 varios
1248 831 1559 907 splendere
1589 832 1854 891 decores,

487 941 683 997 usque
699 922 853 980 adeo
882 923 1079 998 magni
1106 924 1279 981 refert
1306 922 1565 981 studium
1594 932 1770 998 atque
1798 923 2087 1000 voluptaS,

488 1023 547 1071 et
576 1014 831 1088 quibus
816 1031 876 1072 m
904 1014 1076 1071 rebus
1104 1014 1442 1072 consuerint
1471 1032 1597 1071 esse
1627 1014 1852 1089 operati
2207 1022 2302 1087 985

486 1122 607 1161 non
637 1103 905 1161 homines
934 1104 1125 1161 solum
1152 1103 1259 1162 sed
1286 1122 1426 1162 vero
1455 1104 1982 1163 animalia-cuncta.

486 1194 705 1269 quippe
733 1193 959 1252 videbis
988 1212 1175 1269 equos
1204 1195 1383 1266 fortiS,
1414 1213 1552 1252 cum
1582 1195 1847 1253 membra
1874 1195 2168 1269 iacebunt,

487 1284 546 1341 in
576 1285 791 1342 somnis
822 1284 1029 1343 sudare
1060 1294 1258 1343 tamen
1288 1286 1622 1360 spirareque
1651 1303 1885 1360 semper

486 1383 546 1432 et
573 1374 739 1449 quasi
767 1375 844 1432 de
873 1375 1069 1449 palma
1096 1394 1353 1433 summas
1382 1373 1742 1433 contendere
1770 1376 1906 1435 viris

484 1474 586 1522 aut
615 1465 779 1539 quasi
807 1465 1136 1523 carceribus
1165 1466 1470 1540 patefactis
2205 1485 2306 1539 990

485 1565 918 1630 venantumque
949 1574 1125 1613 canes
1152 1556 1213 1613 in
1243 1556 1403 1635 molli
1433 1574 1610 1632 saepe
1639 1556 1835 1630 quiete

486 1646 702 1703 iactant
730 1663 896 1703 crura
922 1655 1123 1704 tamen
1150 1647 1343 1705 subito
1370 1664 1667 1721 vocesque
1696 1654 1939 1722 repente

486 1736 721 1793 mittunt
750 1745 808 1793 et
835 1735 1042 1795 crebro
1072 1736 1410 1794 redducunt
1437 1737 1671 1796 naribus
1700 1755 1886 1811 aum,

486 1835 551 1883 ut
578 1827 818 1902 vestigia
847 1827 893 1884 si
923 1836 1161 1885 teneant
1189 1828 1428 1885 inventa
1455 1827 1723 1901 ferarum,

486 1917 995 1992 expergefactique
1024 1928 1301 1976 secuntur
1328 1918 1523 1975 inania
1549 1936 1727 1993 saepe
2205 1937 2301 1995 995

487 2025 790 2064 cervorum
819 2008 1141 2079 simulacra,
1171 2009 1342 2085 fugae
1371 2009 1539 2084 quasi
1569 2008 1771 2067 dedita
1797 2018 2059 2083 cernant,

487 2096 682 2155 donec
711 2096 984 2156 discussis
1013 2097 1257 2157 redeant
1287 2099 1576 2157 erroribus
1604 2098 1682 2157 ad
1709 2116 1792 2157 se.

486 2197 546 2244 at
574 2198 859 2246 consueta
885 2188 1049 2247 domi
1080 2190 1404 2248 catulorum
1436 2189 1652 2248 blanda
1678 2209 1944 2268 propago

487 2277 777 2335 discutere
808 2288 867 2335 et
895 2297 1107 2354 corpus
1138 2278 1213 2337 de
1244 2289 1393 2341 terra
1422 2281 1712 2355 corripere
1742 2282 1962 2341 instant
2205 2306 2305 2357 999

487 2368 733 2442 proinde
764 2370 929 2444 quasi
956 2370 1183 2444 ignotas
1211 2371 1389 2428 facies
1419 2380 1593 2445 atque
1623 2390 1726 2429 ora
1753 2382 2005 2432 tuantur.
2179 2395 2304 2443 1004

488 2468 547 2515 et
575 2476 694 2532 quo
722 2477 993 2533 quaeque
1024 2461 1205 2535 magis
1234 2471 1369 2520 sunt
1397 2480 1602 2536 aspera
1629 2464 2029 2536 seminiornm,

487 2558 606 2607 tam
635 2550 817 2624 magis
847 2550 906 2607 in
936 2552 1155 2609 somnis
1188 2551 1402 2609 eadem
1431 2540 2002 2613 saevuenecessust.

486 2648 545 2697 at
571 2640 761 2698 variae
790 2640 1016 2715 fugiunt
1042 2641 1307 2717 volu-cres
1335 2642 1648 2720 pinnisque
1683 2654 1927 2720 repente

486 2730 794 2788 sollicitant
822 2730 1020 2789 divom
1050 2742 1339 2791 nocturno
1367 2743 1636 2810 tempore
1664 2735 1847 2808 luem,

487 2821 793 2896 accipitres
824 2840 1033 2881 somno
1061 2823 1121 2880 in
1149 2822 1266 2881 leni
1295 2825 1343 2883 si
1371 2826 1596 2900 proelia
1621 2844 1847 2902 pugnas

488 2910 664 2969 edere
694 2923 825 2969 sunt
853 2923 1249 2987 persectantes
1276 2916 1553 2990 visaeque
1581 2918 1862 2975 volantes.
2174 2938 2296 2975 1010

487 3020 663 3077 porro
693 3003 997 3062 hominum
1025 3015 1273 3078 mentes,
1304 3008 1532 3081 magnis
1560 3026 1710 3082 quae
1740 3008 1995 3066 motibus
2023 3007 2209 3067 edunt

489 3113 718 3170 magna,
752 3096 954 3154 itidem
984 3116 1163 3174 saepe
1193 3100 1254 3157 in
1283 3101 1504 3158 somnis
1533 3101 1870 3176 faciuntque
1898 3111 2245 3178 geruntque,

488 3204 653 3261 reges
682 3198 1035 3263 expugnant,
1067 3190 1393 3265 capiuntur,
1425 3191 1646 3266 proelia
1673 3192 1937 3263 miscent,

416 3313 421 3319 -
488 3277 696 3333 tollunt
724 3278 1041 3338 clamorem
1072 3282 1235 3355 quasi
1266 3281 1313 3339 si
1342 3282 1670 3357 iugulentur
1700 3282 1940 3341 ibidem.

488 3366 654 3424 multi
684 3366 1027 3445 depugnant
1053 3372 1424 3446 gemitusque
1455 3371 1750 3431 doloribus
1771 3370 1963 3430 edunt
2177 3389 2293 3443 1015

488 3466 548 3516 et
576 3458 741 3532 quasi
768 3460 1087 3533 pantherae
1117 3480 1312 3519 morsu
1343 3463 1571 3521 saevive
1598 3462 1786 3521 leonis

492 3548 841 3611 mandantur
868 3553 1093 3628 magnis
1123 3554 1470 3612 clamoribus
1499 3554 1698 3611 omnia
1725 3554 2052 3628 complent„
