2784 3992
487 310 588 383 v.]
973 312 1083 365 DE
1136 313 1430 367 RERUM
1459 282 1828 369 'NATURA
2183 306 2297 386 163

486 474 813 551 barbigeras
840 474 1123 551 pecudeS,
1152 476 1376 536 homini
1404 496 1554 553 quae
1584 490 1673 538 est
1699 499 1831 538 acre
1859 498 2172 542 venenum.
2202 506 2302 558 900

488 565 718 624 flamma
746 566 987 641 quidem
1016 587 1155 625 vero
1185 588 1321 627 cum
1350 571 1782 645 corporafulva
1808 572 2047 632 leonum

486 666 601 714 tam
630 658 814 715 soleat
843 666 1057 715 torrere
1088 668 1262 733 atque
1293 678 1458 717 urere
1487 679 1664 735 quam
1693 679 1880 736 genus
1907 682 2085 723 omne
2123 700 2128 703 -

485 748 713 805 visceris
744 749 803 805 in
834 748 996 806 terris
1026 749 1447 824 quodcumque
1479 761 1538 808 et
1565 754 1860 829 sanguinis
1889 765 2066 827 extet,

486 839 582 911 qui
610 839 735 895 fieri
761 840 972 913 potuit,
1003 840 1209 914 triplici
1238 858 1374 897 cum
1405 858 1655 917 corpore
1684 855 1749 902 ut
1778 864 1910 917 una,

483 929 667 1003 prima
693 930 806 999 leo,
839 939 1134 1004 postrema
1161 929 1361 1002 draoe,
1393 931 1591 991 media
1617 934 1761 1009 ipsa,
1793 935 2103 995 Chimaera
2197 958 2293 1011 905

484 1037 581 1076 ore
610 1020 760 1077 foras
788 1037 984 1077 acrem
1014 1019 1176 1077 flaret
1204 1019 1282 1078 de
1312 1039 1559 1098 corpore
1589 1023 1884 1083 flammam
1899 1027 1928 1083 Ρ

482 1128 656 1184 quare
688 1111 864 1168 etiam
898 1110 1099 1167 tellure
1129 1128 1283 1169 nova
1310 1113 1593 1187 caeloque
1621 1116 1845 1174 recenti

481 1200 613 1257 talia
641 1201 740 1275 qui
769 1200 935 1275 fingit
962 1201 1222 1275 potuisse
1252 1204 1522 1261 animalia
1548 1203 1726 1279 gigni,

481 1290 645 1349 nixus
674 1292 733 1348 in
762 1290 877 1348 hoc
906 1308 1027 1349 uno
1057 1292 1325 1352 novitatis
1352 1295 1593 1352 nomine
1622 1295 1798 1367 inani,

479 1382 659 1439 multa
684 1382 822 1438 licet
850 1380 1022 1439 simili
1049 1384 1271 1441 ratione
1302 1384 1523 1443 effutiat
1551 1402 1670 1459 ore,
2197 1411 2296 1461 910

479 1490 653 1529 aurea
679 1481 803 1529 tum
832 1470 991 1529 dicat
1022 1491 1127 1548 per
1154 1484 1331 1533 terras
1358 1475 1600 1533 flumina
1625 1476 1798 1551 vulgo

479 1560 707 1619 fluxisse
737 1571 797 1620 et
823 1565 1068 1638 gemmis
1097 1565 1302 1623 florere
1332 1566 1564 1625 arbusta
1593 1565 1792 1624 suesse

478 1662 577 1709 aut
605 1652 904 1712 hominem
936 1664 1098 1713 tanto
1129 1656 1526 1715 membrorum
1556 1675 1685 1715 esse
1713 1658 1932 1732 impete
1961 1667 2180 1730 natum,

479 1752 632 1801 trans
662 1745 841 1802 maria
870 1745 985 1802 alta
1012 1744 1232 1819 pedum
1260 1746 1418 1805 nisus
1447 1756 1510 1803 ut
1539 1764 1759 1821 ponere
1788 1757 1989 1823 posset

480 1844 537 1892 et
564 1836 832 1893 manibus
861 1845 1050 1893 totum
1079 1836 1300 1893 circum
1328 1855 1390 1895 se
1421 1847 1642 1895 vertere
1671 1839 1918 1896 caelum.
2197 1855 2292 1911 915

478 1944 611 1984 nam
643 1925 805 2001 quod
835 1927 1018 1984 multa
1046 1927 1202 1985 fuere
1232 1928 1293 1984 in
1320 1928 1482 1985 terris
1513 1929 1736 1986 semina
1762 1947 1955 1987 rerum

477 2025 741 2092 tempore
770 2008 891 2091 'quo
920 2017 1173 2091 primum
1202 2018 1367 2075 tellus
1397 2016 1669 2076 animalia
1689 2017 1857 2092 fudit,

473 2106 554 2165 nil
581 2116 782 2165 tamen
810 2102 898 2165 est
926 2107 1074 2183 signi
1104 2108 1310 2165 mixtas
1338 2110 1598 2183 potuisse
1628 2110 1811 2167 creari

474 2197 622 2256 inter
650 2216 713 2255 se
741 2197 1006 2273 pecudes
1035 2208 1466 2273 compactaque
1496 2201 1759 2257 membra
1786 2201 2167 2273 animantum,

473 2297 786 2365 propterea
811 2289 949 2364 quia
971 2306 1123 2363 quae
1146 2288 1221 2347 de
1246 2290 1408 2348 terris
1431 2308 1590 2347 nunc
1609 2308 1848 2364 quoque
1867 2289 2168 2348 abundant
2193 2311 2292 2363 920

474 2378 781 2437 herbarum
810 2397 1028 2455 genera
1054 2398 1123 2437 ac
1153 2380 1343 2455 fruges
1372 2381 1721 2454 arbustaque
1750 2379 1900 2437 laeta

472 2487 588 2527 non
622 2480 822 2527 tamen
850 2470 1001 2527 inter
1028 2488 1091 2527 se
1120 2480 1364 2545 possunt
1394 2471 1703 2545 complexa
1732 2470 1932 2543 creari,

471 2558 579 2618 sed
606 2578 698 2617 res
726 2577 996 2636 quaeque
1025 2579 1131 2618 suo
1161 2562 1270 2617 ritu
1299 2560 1569 2635 procedit
1596 2570 1655 2618 et
1685 2578 1891 2619 omnes

470 2650 710 2708 foedere
738 2654 976 2708 naturae
1006 2660 1167 2708 certo
1196 2650 1532 2708 discrimina
1559 2660 1804 2709 servant.

552 2743 627 2797 At
654 2759 839 2816 genus
868 2741 1188 2799 humanum
1217 2741 1402 2798 multo
1432 2740 1537 2798 fuit
1565 2740 1706 2798 illud
1734 2742 1793 2798 in
1822 2742 1968 2799 arvis
2190 2760 2286 2815 9²5

469 2830 689 2903 duriuS,
718 2841 781 2889 ut
808 2831 1026 2905 decuit,
1056 2831 1221 2889 tellus
1249 2830 1413 2905 quod
1443 2830 1588 2889 dura
1617 2842 1887 2904 creasset,

469 2931 531 2979 et
559 2922 871 2979 maioribus
902 2933 960 2979 et
987 2921 1186 2979 solidis
1216 2922 1398 2997 magis
1429 2922 1655 2981 ossibus
1685 2923 1838 2980 intus

466 3010 795 3083 fundatum,
824 3012 1028 3070 validis
1058 3022 1259 3087 aptum
1288 3031 1395 3087 per
1424 3014 1645 3071 viscera
1671 3014 1877 3085 nervis,

464 3122 581 3161 nec
610 3104 777 3161 facile
808 3122 881 3160 ex
910 3113 1073 3161 aestu
1103 3122 1214 3160 nec
1243 3104 1452 3178 frigore
1482 3104 1645 3177 quod
1676 3113 1981 3179 caperetur

463 3212 583 3253 nec
611 3194 869 3252 novitate
898 3194 1012 3253 cibi
1044 3212 1156 3251 nec
1186 3194 1299 3251 labi
1330 3195 1590 3269 corporis
1619 3194 1747 3252 ulla.
1998 3266 2014 3279 ο
2183 3214 2284 3267 930

462 3285 765 3359 multaque
796 3302 903 3359 per
932 3284 1159 3342 caelum
1190 3285 1324 3341 solis
1353 3285 1644 3342 volventia
1669 3285 1845 3343 lustra

458 3375 769 3451 volgivago
794 3376 973 3433 vitam
1004 3375 1325 3432 tractabant
1353 3393 1514 3432 more
1545 3375 1811 3433 ferarum.

460 3484 580 3526 nec
609 3466 879 3526 robustus
910 3474 1031 3523 erat
1060 3466 1220 3523 curvi
1247 3464 1584 3523 moderator
1611 3467 1780 3523 aratri

462 3557 798 3631 quisquam,
828 3574 942 3614 nec
973 3556 1157 3614 scibat
1190 3556 1338 3613 ferro
1368 3556 1622 3613 molirier
1649 3575 1784 3613 arva
