2784 3992
640 324 754 401 138
1292 334 1756 390 LUCRETms
2341 336 2430 406 [v.

629 497 767 572 quid
799 498 1131 557 Nemeaeus
1161 498 1318 556 enim
1348 498 1520 557 nobis
1548 516 1706 556 nunc
1736 516 1982 574 magnus
2010 496 2199 556 hiatus

624 589 715 645 ille
745 588 928 646 leonis
958 590 1192 648 obesset
1222 600 1280 648 et
1310 590 1550 648 horrens
1581 588 1864 647 Arcadius
1894 590 2032 648 sus?
2378 608 2430 659 25

622 678 880 754 denique
910 678 1055 753 quid
1086 680 1296 738 Cretae
1318 690 1522 743 ,taurus
1554 682 1936 754 Lernaeaque
1967 679 2143 755 pestis

621 769 807 845 hydra
833 770 1131 828 venenatis
1161 782 1361 845 posset
1389 771 1596 828 vallata
1624 771 1921 829 colubris?

621 860 837 935 quidve
865 862 1179 937 tripectora
1209 862 1516 937 tergemini
1542 861 1628 919 vis
1660 862 1954 936 Geryonai

619 1051 784 1099 tanto
813 1059 993 1117 opere
1020 1040 1323 1099 officerent
1351 1041 1522 1100 nobis
1551 1041 1888 1118 Stymphala
1915 1042 2196 1115 colenteS,

619 1142 678 1189 et
710 1131 1017 1190 Diomedis
1046 1133 1183 1207 equi
1212 1132 1498 1207 spirantes
1527 1133 1758 1191 naribus
1787 1133 1982 1208 ignem
2371 1153 2434 1204 30

617 1222 859 1280 Thracis
889 1223 1296 1298 Bistoniasque
1325 1223 1524 1299 plagas
1553 1232 1730 1298 atque
1762 1224 1985 1282 Ismara
2011 1233 2250 1299 propter
2264 1225 2292 1283 Ρ

618 1331 909 1388 aureaque
940 1312 1343 1389 Hesperidum
1372 1331 1607 1372 servans
1637 1314 1916 1390 fulgentia
1943 1315 2113 1385 mala,

617 1422 804 1478 asper,
834 1405 1047 1462 acerba
1074 1414 1262 1474 tuens,
1293 1404 1538 1461 immani
1566 1422 1812 1479 corpore
1842 1422 2082 1480 serpens

616 1494 835 1552 arboris
864 1495 1165 1569 amplexus
1194 1495 1434 1569 stirpem
1466 1494 1608 1570 quid
1642 1493 1899 1570 denique
1929 1496 2163 1554 obesset

615 1594 857 1659 propter
884 1585 1218 1642 Atlanteum
1246 1585 1379 1643 litus
1411 1585 1736 1661 pelageque
1768 1603 1982 1643 sonora
2371 1605 2430 1659 35

616 1692 736 1749 quo
764 1692 958 1749 neque
987 1685 1185 1733 noster
1212 1675 1335 1733 adit
1364 1676 1673 1751 quisquam
1703 1694 1815 1732 nec
1845 1676 2118 1735 barbarus
2147 1674 2369 1734 audet?

614 1776 810 1824 cetera
837 1764 913 1823 de
942 1784 1155 1840 genere
1186 1766 1302 1823 hoc
1332 1784 1485 1840 quae
1515 1776 1650 1824 sunt
1678 1775 1949 1840 portenta
1976 1776 2299 1842 perempta,

614 1858 698 1915 sei
728 1874 851 1915 non
878 1857 1033 1914 victa
1060 1856 1266 1927 forent,
1299 1856 1442 1930 quid
1473 1857 1712 1914 tandem
1743 1857 1872 1914 viva
1900 1860 2225 1916 nocerent?

613 1948 711 2019 nil,
741 1958 805 2006 ut
833 1948 1078 2023 opinor:
1124 1947 1204 2005 ita
1232 1946 1308 2004 ad
1339 1948 1605 2005 satiatem
1636 1957 1788 2005 terra
1817 1948 2064 2005 ferarum

612 2056 769 2096 nunc
800 2039 975 2096 etiam
1005 2038 1173 2096 scatit
1201 2047 1260 2095 et
1287 2036 1518 2113 trepido
1547 2048 1764 2097 terrore
1792 2038 2014 2113 repleta
2041 2049 2128 2096 est
2368 2062 2432 2110 40

612 2146 719 2204 per
745 2147 990 2186 nemora
1019 2146 1091 2186 ac
1121 2138 1351 2186 montes
1381 2146 1627 2203 magnos
1656 2128 1942 2203 silvasque
1973 2128 2292 2204 profundas
2313 2152 2331 2203 3

612 2237 763 2294 quae
793 2220 925 2277 loca
950 2218 1169 2276 vitandi
1199 2219 1544 2293 plerumque
1572 2228 1662 2277 est
1689 2229 1887 2277 nostra
1913 2229 2188 2295 potestas,

611 2320 670 2367 at
697 2309 806 2367 nisi
834 2319 1197 2385 purgatumst
1223 2320 1448 2384 pectUS,
1479 2327 1630 2384 quae
1659 2310 1880 2384 proelia
1906 2310 2075 2367 nobis
2693 2264 2695 2398 Ι

610 2412 787 2475 atque
816 2401 1075 2475 pericula
1100 2410 1281 2458 tumst
1310 2400 1544 2475 ingratis
1574 2399 1986 2458 insinuandum
2015 2402 2026 2457 !

612 2500 863 2565 quantae
894 2500 1018 2548 tum
1048 2489 1324 2548 scindunt
1353 2490 1656 2548 hominem
1686 2490 2036 2565 cuppedinis
2065 2508 2231 2549 acres
2365 2510 2427 2563 45

612 2581 920 2639 sollicitum
949 2598 1123 2638 curae
1154 2582 1475 2655 quantique
1505 2581 1750 2656 perinde
1781 2582 2018 2640 timores
2046 2583 2057 2638 Ξ

612 2670 826 2746 quidve
856 2671 1127 2747 superbia
1155 2672 1432 2746 spurcitia
1461 2690 1530 2729 ac
1561 2673 1925 2747 petulantia?
1967 2682 2215 2747 quantas

612 2762 872 2820 efficiunt
900 2761 1098 2820 clades
1126 2766 1136 2821 Ξ
1181 2761 1324 2836 quid
1355 2763 1522 2820 luxus
1552 2762 1976 2837 desidiaeque?

612 2853 758 2910 haec
788 2853 957 2928 igitur
983 2853 1083 2927 qui
1114 2862 1327 2910 cuncta
1356 2851 1652 2929 subegerit
1681 2872 1754 2911 ex
1781 2854 2098 2929 animoque

612 2944 894 3017 expulerit
923 2943 1111 3014 dictis,
1142 2961 1263 3001 non
1292 2944 1482 3014 armis,
1516 2962 1715 3002 nonne
1744 2943 1982 3002 decebit
2364 2963 2427 3016 50

610 3033 767 3090 hunc
796 3033 1098 3091 hominem
1127 3050 1371 3091 numero
1409 3033 1608 3092 divom
1637 3034 1927 3110 dignarier
1957 3051 2084 3092 esse
2102 3035 2130 3093 Ρ

610 3143 746 3182 cum
775 3126 927 3183 bene
956 3125 1295 3199 praesertim
1325 3124 1507 3182 multa
1534 3143 1605 3182 ac
1636 3124 1910 3183 divinitus
1939 3124 2078 3200 ipsis

609 3215 1017 3273 immortalibu’
1046 3214 1126 3272 de
1156 3214 1302 3272 divis
1332 3214 1471 3272 dare
1503 3215 1661 3273 dicta
1689 3216 1865 3273 suerit

608 3316 785 3379 atque
813 3323 1053 3364 omnem
1082 3324 1274 3363 rerum
1304 3315 1571 3363 naturam
1600 3306 1861 3381 pandere
1890 3302 2080 3363 dictis⁸

690 3396 873 3454 Cuius
901 3414 1013 3472 ego
1042 3397 1331 3471 ingressus
1359 3396 1600 3471 vestigia
1626 3396 1771 3454 dum
1799 3396 2050 3454 rationes
2357 3413 2416 3467 55

608 3503 927 3561 persequor
952 3504 1022 3543 ac
1051 3486 1247 3544 doceo
1275 3485 1469 3556 dictis,
1500 3504 1620 3559 quo
1650 3505 1920 3562 quaeque
1946 3497 2147 3545 creata

610 3575 846 3634 foedere
876 3577 1006 3653 sint,
1037 3577 1096 3633 in
1126 3595 1199 3634 eo
1228 3593 1405 3650 quam
1435 3576 1507 3633 sit
1536 3576 1742 3635 durare
1770 3595 2080 3634 necessum
