2784 3992
528 258 643 321 168
1186 275 1648 331 LUCRETIUS
2225 278 2321 349 [V..

513 434 663 492 inter
690 453 871 511 equas
899 437 997 495 ubi
1026 455 1211 512 equus
1241 438 1468 496 florenti
1495 446 1683 496 aetate
1712 438 1990 497 iuvencus

513 527 799 603 pinnigeri
827 529 1007 585 saevit
1036 529 1353 587 calcaribus
1381 530 1530 586 ictus
1558 530 1790 601 amoris,
2199 551 2322 605 ¹075

512 624 572 673 et
598 617 891 675 fremitum
921 618 1129 692 patulis
1157 620 1257 677 ubi
1285 620 1518 677 naribus
1549 619 1669 677 edit
1697 619 1777 678 ad
1803 638 1980 694 arma,

512 716 570 763 et
598 725 733 763 cum
763 708 845 765 sic
874 709 1011 767 alias
1040 706 1337 767 concussis
1366 710 1584 767 artibus
1616 711 1848 768 hinnit?

509 807 834 871 prostremo
862 816 1047 875 genus
1076 799 1315 855 alituum
1344 800 1652 873 variaeque
1680 800 1961 873 volucreS‚

509 886 813 961 accipitres
842 898 1015 962 atque
1045 889 1352 965 ossifragae
1382 890 1683 964 mergique
1713 892 1949 949 marinis

507 977 776 1036 fluctibus
803 979 863 1035 in
894 979 1042 1036 salso
1070 980 1289 1037 victum
1317 980 1613 1055 vitamque
1642 989 1928 1057 petenteS,
2197 992 2324 1042 1080

506 1067 680 1143 longe
710 1069 846 1126 alias
874 1070 986 1127 alio
1015 1070 1231 1127 iaciunt
1259 1070 1316 1127 in
1347 1080 1615 1145 tempore
1643 1090 1839 1143 voceS‚

507 1168 567 1215 et
593 1177 774 1233 quom
804 1158 879 1217 de
907 1160 1064 1217 victu
1093 1170 1316 1217 certant
1343 1160 1714 1236 praedaeque
1743 1172 2086 1237 repugnant.

506 1259 565 1307 et
591 1251 802 1324 partim
832 1260 1057 1308 mutant
1085 1269 1225 1309 cum
1253 1252 1694 1327 tempestatibus
1723 1270 1840 1310 una

466 1366 471 1373 ·
504 1340 840 1398 raucisonos
868 1350 1091 1413 cantuS,
1122 1342 1422 1399 cornicum
1450 1351 1513 1399 ut
1541 1342 1736 1400 saecla
1760 1352 1986 1401 vetusta

504 1447 929 1505 corvorumque
958 1450 1161 1507 greges
1190 1432 1290 1490 ubi
1318 1451 1529 1506 aquam
1559 1432 1832 1490 dicuntur
1861 1443 1918 1491 et
1946 1434 2144 1493 imbris
2193 1444 2314 1506 1085

503 1538 747 1595 poscere
777 1531 835 1579 et
863 1522 1159 1580 interdum
1186 1531 1390 1580 ventos
1421 1541 1704 1597 aurasque
1735 1542 1964 1583 vocare.

502 1629 641 1686 ergo
671 1612 717 1669 si
744 1613 881 1670 varii
910 1632 1111 1671 sensus
1140 1612 1411 1669 animalia
1439 1623 1680 1688 cogunt,

502 1712 664 1760 muta
690 1713 888 1761 tamen
917 1722 1052 1761 cum
1082 1704 1209 1775 sint,
1241 1704 1422 1761 varias
1453 1704 1714 1761 emittere
1744 1723 1942 1779 voces,

501 1803 723 1867 quanto
753 1794 1005 1852 mortalis
1036 1794 1216 1869 magis
1245 1803 1508 1852 aecumst
1537 1803 1659 1851 tum
1686 1795 1949 1869 potuisse

500 1883 789 1943 dissimilis
819 1885 928 1942 alia
956 1894 1129 1959 atque
1159 1884 1268 1942 alia
1295 1902 1387 1941 res
1416 1902 1562 1943 voce
1591 1894 1796 1943 notare
1823 1889 1834 1944 Ξ
2035 1872 2044 1879 ’
2185 1908 2313 1959 1090

584 1972 764 2053 [Illud
792 1976 851 2033 in
879 1975 967 2033 his
994 1976 1167 2034 rebus
1196 1975 1403 2033 tacitus
1431 1993 1506 2033 ne
1536 1975 1683 2033 forte
1712 1977 1989 2052 requiraS,

499 2065 719 2123 fulmen
748 2065 952 2124 detulit
980 2066 1040 2123 in
1067 2075 1276 2123 terram
1306 2065 1644 2123 mortalibus
1673 2066 1872 2142 ignem

498 2156 779 2229 primituS‚
809 2156 945 2215 inde
977 2156 1167 2213 omnis
1197 2155 1556 2214 flammarum
1586 2156 1807 2215 diditur
1833 2157 2020 2215 ardor.

497 2247 680 2304 multa
706 2246 969 2305 videmus
998 2247 1154 2304 enim
1185 2246 1528 2305 caelestibus
1556 2247 1718 2306 inlita
1746 2248 1990 2307 flammis
2245 2316 2254 2325 ,

496 2338 730 2415 fulgere,
761 2356 898 2395 cum
925 2338 1068 2395 caeli
1098 2336 1336 2395 donavit
1364 2338 1536 2415 plaga
1563 2356 1799 2413 vapore.
2183 2358 2305 2410 1095

497 2439 555 2485 et
582 2448 807 2487 ramosa
835 2438 1030 2487 tamen
1058 2447 1195 2485 cum
1226 2430 1414 2487 ventis
1443 2429 1611 2503 pulsa
1639 2430 1910 2487 vacillans

494 2530 717 2576 aestuat
744 2520 806 2577 in
831 2539 1021 2577 ramos
1049 2520 1393 2578 incumbens
1423 2519 1641 2577 arboris
1670 2520 1857 2592 arbor,

496 2605 831 2684 exprimitur
857 2610 1058 2668 validis
1088 2612 1324 2668 extritus
1353 2610 1566 2667 viribus
1596 2610 1742 2685 ignis

495 2712 552 2758 et
582 2702 758 2759 micat
787 2700 1076 2759 interdum
1106 2701 1359 2759 flammai
1388 2700 1642 2759 fervidus
1671 2701 1860 2787 ardor,

493 2801 694 2849 mutua
722 2792 862 2849 dum
891 2793 1040 2849 inter
1067 2810 1129 2850 se
1158 2793 1303 2849 rami
1332 2791 1660 2866 stirpesque
1689 2799 1966 2849 teruntur.
2178 2812 2305 2849 1100

493 2900 741 2955 quorum
771 2893 1081 2955 utrumque
1112 2882 1343 2940 dedisse
1375 2891 1570 2957 potest
1599 2882 1935 2939 mortalibus
1965 2881 2182 2956 ignem.

490 2946 628 3029 inde
658 2972 854 3029 cibum
885 2990 1142 3045 coquere
1172 2992 1242 3029 ac
1271 2973 1538 3030 flammae
1569 2973 1788 3029 mollire
1817 2990 2033 3047 vapore

491 3063 577 3120 sol
605 3062 823 3133 docuit,
854 3064 1135 3137 quoniam
1166 3064 1470 3121 mitescere
1501 3062 1682 3121 multa
1709 3061 1988 3121 videbant

488 3153 820 3211 verberibus
847 3153 1141 3212 radiorum
1172 3164 1344 3227 atque
1372 3163 1536 3210 aestu
1564 3154 1718 3211 victa
1742 3171 1848 3228 per
1877 3172 2066 3229 agros.

570 3246 759 3320 Inque
789 3244 913 3303 dies
944 3246 1125 3320 magis
1154 3245 1212 3301 hi
1242 3245 1458 3301 victum
1488 3244 1784 3319 vitamque
1814 3245 2071 3319 priorem
2176 3264 2298 3318 1105

488 3345 849 3395 commutare
878 3336 1044 3393 novis
1071 3336 1470 3393 monstrabant
1497 3335 1661 3392 rebu'
1692 3335 1949 3409 benigni,

488 3427 724 3503 ingenio
752 3427 853 3502 qui
881 3426 1249 3501 praestabant
1277 3434 1335 3482 et
1364 3424 1544 3482 corde
1574 3425 1864 3500 vigebant.

489 3519 746 3577 condere
776 3528 1098 3592 coeperunt
1126 3517 1281 3573 urbis
1309 3534 1621 3590 arcemque
1649 3517 1840 3574 locare
