2784 3992
433 311 562 381 Vl]
920 310 1027 362 DE
1080 310 1368 363 RERUM
1424 310 1768 363 NATURA

430 472 649 529 semina
676 450 895 529 habere
924 489 1095 529 cavas
1123 471 1310 528 nubes
1339 480 1399 528 et
1428 470 1610 528 multa
1637 482 1934 532 necessest

428 563 739 639 concipere
770 581 843 619 ex
872 562 1008 621 solis
1036 562 1207 619 radiis
1236 561 1564 635 ardoreque
1595 580 1819 623 eorum.

426 653 545 711 hoc»
568 653 666 711 ubi
692 663 902 711 ventus
930 670 1028 709 eas
1061 652 1218 709 idem
1247 653 1347 726 qui
1377 653 1537 727 cogit
1566 654 1623 709 in
1654 673 1836 713 unum

424 744 567 802 forte
599 746 791 801 locum
823 744 1101 817 quemviS‚
1135 743 1417 816 expressit
1445 744 1625 800 multa
1651 744 1880 819 vaporis

425 834 645 892 semina
671 852 853 908 seque
884 834 1051 890 simul
1080 852 1214 890 cum
1245 850 1319 890 eo
1347 835 1720 893 commiscuit
1748 836 1886 912 igni,

425 924 739 983 insinuatus
768 923 849 983 ibi
879 933 1079 982 vortex
1108 935 1363 981 versatur
1391 925 1451 981 in
1480 933 1607 982 arto

424 1024 480 1071 et
507 1013 709 1073 calidis
736 1016 894 1073 acuit
922 1014 1141 1072 fulmen
1169 1014 1501 1072 fornacibus
1533 1015 1703 1074 intus

422 1123 555 1163 nam
586 1104 804 1181 duplici
832 1106 1053 1163 ratione
1083 1103 1440 1176 accenditur,
1472 1105 1596 1179 ipse
1625 1124 1730 1163 sua
1755 1125 1895 1166 cum

424 1188 739 1254 mobilitate
768 1196 1003 1253 calescit
1032 1204 1092 1253 et
1121 1213 1154 1252 e
1184 1196 1529 1270 contagibus
1562 1196 1728 1271 igniS.

422 1286 557 1344 inde
590 1286 683 1345 ubi
714 1286 997 1362 percaluit
1026 1287 1184 1345 venti
1214 1286 1299 1343 vis
1327 1295 1386 1343 et
1415 1287 1600 1361 gravis
1631 1288 1778 1363 ignis

421 1376 672 1457 impetu-s
701 1374 966 1447 incessit,''
986 1386 1277 1435 maturum
1304 1386 1430 1434 tum
1459 1368 1623 1452 qu'asi
1652 1379 1872 1436 fulmen

418 1468 735 1546 perscindit
761 1469 955 1527 subito
983 1469 1221 1541 nubem,
1251 1461 1545 1543 ferturque
1575 1471 1830 1529 coruscis

420 1560 617 1616 omnia
642 1559 955 1617 luminibus
983 1560 1227 1617 lustrans
1255 1560 1388 1617 loca
1416 1560 1668 1633 percitus
1698 1560 1886 1619 ardor.

418 1668 593 1723 quem
622 1650 806 1725 gravis
837 1651 1158 1725 insequitur
1184 1650 1424 1721 sonitus,
1456 1640 1713 1725 displosa
1740 1661 1982 1726 repente

419 1741 746 1816 opprimere
778 1728 1012 1798 ut'caeli
1042 1740 1552 1816 videatur·templa
1580 1759 1849 1815 superne.

419 1830 553 1888 inde
586 1841 800 1889 tremor
830 1844 1005 1890 terras
1034 1833 1279 1907 graviter
1307 1841 1660 1907 pertemptat
1693 1842 1752 1889 et
1780 1834 1960 1891 altum

419 1941 709 1980 murmura
735 1932 1079 1997 percurrunt
1108 1924 1335 1980 caelum
1360 1944 1373 1993 3
1421 1942 1557 1979 narn
1588 1933 1712 1981 tota
1739 1924 1856 1981 fere
1886 1933 2012 1981 tum

416 2022 731 2087 tempestas
760 2032 1047 2071 concussa
1075 2014 1265 2071 tremit
1297 2013 1672 2087 fremitusque
1701 2024 2022 2073 moventur.

414 2120 531 2179 quo
562 2102 638 2161 de
668 2102 957 2162 concussu
987 2104 1246 2178 sequitur
1275 2106 1460 2178 gravis
1487 2104 1676 2161 imber
1702 2114 1762 2162 et
1790 2106 1950 2176 uber,

414 2194 599 2251 omnis
630 2195 708 2252 uti
740 2194 1002 2251 videatur
1030 2194 1086 2250 in
1116 2194 1362 2252 imbrem
1390 2196 1600 2253 vertier
1626 2196 1829 2253 aether

410 2293 584 2359 atque
616 2286 693 2342 ita
720 2285 1105 2360 praecipitans
1135 2284 1212 2341 ad
1240 2284 1515 2343 diluviem
1542 2287 1796 2343 revocari
1822 2307 1834 2345 :

411 2384 602 2433 tantus
632 2374 885 2432 discidio
921 2376 1091 2433 nubis
1120 2376 1393 2449 ventique
1426 2377 1680 2451 procella

412 2466 668 2536 mittitur,
698 2464 925 2523 ardenti
954 2466 1177 2523 sonitus
1206 2485 1340 2523 cum
1370 2468 1639 2541 provolat
1666 2468 1804 2528 ictU.

410 2565 497 2615 est
525 2557 702 2614 etiam
733 2576 870 2614 cum
899 2556 985 2613 vis
1014 2557 1371 2615 extrinsecus
1400 2558 1578 2615 incita
1603 2560 1760 2616 venti

408 2646 612 2706 incidit
643 2647 701 2705 in
729 2646 980 2705 calidam
1010 2657 1238 2706 maturo
1268 2648 1505 2706 fulmine
1535 2650 1754 2707 nubem
1781 2671 1794 2720 3

409 2756 586 2812 quam
618 2757 755 2796 cum
784 2738 1081 2813 perscidit,
1112 2740 1410 2813 extemplo
1439 2740 1597 2797 cadit
1626 2740 1830 2815 igneus
1861 2741 1950 2797 ille

408 2840 606 2887 vertex
636 2846 815 2903 quem
843 2830 1033 2903 patrio
1060 2830 1385 2887 vocitamus
1415 2832 1652 2888 nomine
1683 2831 1919 2889 fulmen.

408 2920 523 2979 hoc
552 2920 616 2977 fit
647 2918 807 2977 idem
836 2919 896 2976 in
925 2919 1101 2994 partis
1130 2920 1286 2987 aliaS,
1318 2939 1693 2995 quocumque
1725 2921 1850 2978 tulit
1877 2921 1981 2978 vis,

407 3011 471 3067 fit
499 3028 739 3085 quoque
770 3020 833 3067 ut
863 3009 1156 3067 interdum
1187 3012 1344 3067 venti
1373 3012 1458 3067 vis
1489 3012 1662 3068 missa
1690 3013 1814 3069 sine
1848 3012 1963 3086 igni

406 3102 653 3176 igniscat
681 3111 881 3157 tamen
912 3101 967 3158 in
998 3102 1186 3175 spatio
1216 3102 1514 3177 longoque
1544 3112 1757 3173 meatu,

404 3192 547 3249 dum
579 3192 756 3260 venit,
788 3192 1056 3250 amittens
1088 3193 1144 3248 in
1176 3212 1343 3249 cursu
1376 3212 1624 3267 corpora
1652 3193 1944 3268 quaedam

2122 298 2239 379 187

2142 765 2232 820 275
2271 758 2285 774 ⁸

2136 1208 2232 1259 280

2133 2128 2226 2178 290

2129 2577 2220 2632 295

2125 3032 2221 3081 300

404 3282 649 3357 grandia
675 3301 826 3357 quae
856 3292 1158 3357 nequeunt
1187 3284 1400 3358 pariter
1427 3294 1730 3359 penetrare
1760 3303 1865 3359 per
1891 3302 2056 3341 auras
2078 3306 2096 3356 5

402 3382 581 3447 atque
612 3372 725 3430 alia
752 3391 823 3429 ex
853 3373 982 3448 ipso
1013 3374 1341 3432 conradens
1370 3375 1502 3432 a'ere
1531 3384 1722 3450 portat

402 3464 642 3539 parvola
669 3481 821 3539 quae
853 3463 1069 3522 faciunt
1100 3466 1293 3541 ignem
1323 3466 1642 3523 commixta
1671 3463 1926 3523 volando
1946 3484 1965 3537 3

402 3572 526 3613 non
553 3555 665 3613 alia
693 3556 864 3629 longe
895 3557 1117 3614 ratione
1146 3576 1215 3614 ac
1244 3552 1520 3631 plumbea
1547 3573 1722 3630 saepe

2125 3482 2216 3534 305

2625 3464 2664 3671 Α
