2784 3992
504 339 611 410 ῙῙ.]
977 339 1086 391 DE
1139 336 1434 392 RERUM
1490 336 1832 393 NATURA
2218 328 2302 407 63

496 509 852 575 quapropter
877 499 1084 557 merito
1111 508 1436 556 maternum
1466 516 1686 556 nomen
1712 498 1929 575 adepta
1954 508 2061 559 est.

494 590 653 649 cedit
680 591 820 649 item
848 600 1019 661 retr0‚
1048 588 1125 647 de
1153 599 1303 646 terra
1330 588 1494 663 quod
1521 589 1628 647 fuit
1655 600 1809 662 ante,

493 682 552 738 in
582 690 777 752 terraS,
807 690 867 738 et
893 678 1057 754 quod
1084 680 1378 737 missumst
1403 697 1478 736 ex
1505 679 1752 738 aetheris
1781 680 1915 754 oriS,
2177 702 2302 739 1000

493 771 556 829 id
582 790 805 829 rursum
828 771 976 828 caeli
1002 770 1262 828 rellatum
1289 769 1511 844 templa
1535 780 1856 846 receptant.

490 879 603 920 nec
631 863 715 920 sic
745 861 1034 919 interemit
1060 878 1217 919 mors
1243 878 1335 919 res
1361 870 1429 918 ut
1455 862 1715 920 materiai

491 970 737 1027 corpora
764 952 1058 1023 conficiat,
1088 950 1195 1009 sed
1223 960 1460 1010 coetum
1488 951 1750 1027 dissupat
1776 952 1922 1025 olli5,

491 1041 629 1100 inde
658 1043 780 1100 aliis
807 1040 966 1100 aliud
994 1042 1294 1117 coniungit
1313 1061 1332 1116 ;
1374 1051 1435 1100 et
1463 1042 1584 1102 effit
1612 1052 1675 1101 ut
1701 1061 1909 1102 omnes

490 1150 582 1190 res
610 1133 690 1190 ita
714 1141 1060 1191 convertant
1086 1133 1299 1191 formas
1327 1143 1672 1209 mutentque
1701 1134 1928 1192 colores
2171 1154 2292 1206 1005

490 1231 551 1280 et
577 1223 813 1298 capiant
840 1241 1041 1282 sensus
1070 1233 1131 1281 et
1157 1233 1381 1298 puncto
1410 1232 1675 1299 tempore
1702 1223 1994 1298 reddant;

488 1322 554 1372 ut
580 1332 791 1373 noscas
818 1314 1028 1372 referre
1058 1314 1271 1373 eadem
1298 1314 1618 1389 primordia
1643 1333 1836 1373 rerum

489 1421 626 1462 cum
654 1405 867 1479 quibus
895 1414 955 1463 et
982 1405 1138 1480 quali
1166 1405 1426 1480 positura
1453 1406 1866 1464 contineantur

488 1503 549 1552 et
575 1513 725 1571 quos
754 1496 905 1553 inter
930 1512 994 1553 se
1024 1494 1168 1553 dent
1195 1505 1391 1554 motus
1420 1495 1850 1571 accipiantque,

486 1603 633 1644 neve
662 1594 833 1661 putes
862 1595 1099 1643 aeterna
1124 1603 1309 1660 penes
1336 1584 1591 1644 residere
1619 1595 1853 1661 potesse
2175 1605 2300 1643 1010

485 1694 736 1753 corpora
762 1677 949 1752 prima
975 1675 1139 1751 quod
1166 1677 1226 1734 in
1255 1677 1497 1734 summis
1526 1676 1746 1734 fluitare
1773 1676 2042 1735 videmus

484 1766 655 1826 rebus
684 1778 744 1826 et
771 1766 1065 1826 interdum
1093 1766 1257 1826 nasci
1284 1768 1596 1842 subitoque
1624 1767 1832 1842 perire.

483 1857 625 1932 quin
655 1859 832 1917 etiam
859 1858 1032 1916 refert
1060 1857 1269 1917 nostris
1297 1858 1358 1916 in
1386 1858 1644 1916 versibus
1672 1858 1812 1932 ipsis

482 1966 616 2006 cum
648 1950 859 2024 quibus
889 1958 949 2007 et
976 1948 1132 2025 quali
1161 1947 1275 2007 sint
1301 1947 1508 2029 ordine
1539 1948 1809 2024 quaeque
1837 1947 2052 2008 locata.

481 2038 527 2096 si
556 2057 678 2098 non
704 2040 903 2098 omnia
930 2048 1083 2112 sunt,
1111 2048 1171 2097 at
1198 2039 1382 2097 multo
1411 2039 1666 2096 maxima
1692 2057 1824 2113 pars
1853 2048 1943 2097 est
2175 2061 2297 2108 1017

480 2130 795 2189 consimilis
816 2151 835 2203 ;
875 2148 1079 2188 verum
1105 2130 1365 2204 positura
1392 2129 1770 2205 discrepitant
1797 2147 1908 2189 res.

480 2219 567 2278 sic
592 2221 730 2296 ipsis
760 2221 821 2279 i‘n
847 2222 1022 2279 rebus
1048 2221 1189 2278 item
1222 2220 1333 2278 iam
1365 2221 1627 2277 materiai

482 2328 801 2369 concursus
830 2320 1027 2370 motus
1051 2311 1203 2370 ordo
1231 2310 1491 2387 positura
1518 2310 1736 2386 figurae
2170 2332 2288 2367 1021

482 2418 618 2460 cum
644 2411 1066 2479 permutantur,
1097 2402 1305 2460 mutari
1333 2420 1425 2459 res
1453 2418 1691 2477 quoque
1721 2400 1961 2460 debent.

568 2494 747 2552 Nunc
772 2495 1035 2553 animum
1063 2492 1233 2551 nobis
1261 2492 1478 2550 adhibe
1506 2510 1702 2550 veram
1733 2490 1809 2549 ad
1836 2491 2145 2552 rationem.

480 2606 617 2645 nam
643 2584 751 2644 tibi
776 2593 1078 2643 vementer
1103 2601 1257 2641 nova
1282 2600 1373 2641 res
1404 2583 1636 2640 molitur
1663 2581 1742 2640 ad
1770 2581 1922 2641 auris

481 2675 765 2751 accedere
795 2685 856 2733 et
882 2692 1037 2733 nova
1064 2691 1127 2732 se
1157 2673 1384 2749 speeies
1414 2672 1730 2731 ostendere
1759 2690 1971 2731 rerum.
2173 2695 2295 2749 1025

481 2768 587 2827 sed
614 2784 810 2842 neque
838 2774 959 2823 tam
988 2764 1167 2822 facilis
1196 2781 1288 2821 res
1316 2764 1432 2821 ulla
1460 2773 1548 2821 est
1575 2763 1718 2837 quin
1747 2781 1819 2820 ea
1845 2763 2102 2838 primum

481 2858 729 2917 difficilis
758 2856 941 2931 magis
968 2854 1047 2913 ad
1075 2853 1444 2912 credendum
1472 2863 1720 2926 constet,
1751 2854 2011 2928 itemque

480 2948 558 3005 nil
584 2947 741 3006 adeo
771 2964 1046 3021 magnum
1078 2963 1273 3020 neque
1302 2955 1424 3002 tam
1452 2945 1710 3003 mirabile
1741 2944 2080 3019 quicquam,

482 3037 642 3113 quod
671 3054 794 3095 non
820 3036 1099 3112 paulatim
1130 3036 1361 3093 mittant
1390 3035 1647 3093 mirarier
1676 3052 1903 3092 omneS.

480 3127 761 3203 suspicito
788 3126 940 3185 coeli
967 3127 1186 3184 clarum
1213 3143 1542 3200 purumque
1572 3126 1852 3196 colorem,
2168 3146 2296 3198 1030

480 3234 751 3295 quaeque
780 3216 843 3274 in
872 3233 936 3275 se
965 3217 1225 3288 cohibet,
1254 3216 1510 3292 palantia
1536 3214 1728 3273 sidera
1754 3215 1990 3290 passim,

480 3312 799 3387 lunamque
829 3316 889 3367 et
914 3308 1050 3367 solis
1079 3307 1373 3381 praeclara
1402 3306 1533 3363 luce
1562 3306 1813 3363 nitorem
1833 3325 1852 3379 3

481 3402 681 3460 omnia
703 3416 859 3477 quae
887 3416 1046 3456 nunc
1074 3397 1121 3455 si
1148 3398 1402 3472 primum
1433 3396 1770 3453 mortalibus
1801 3404 2016 3468 essent,

484 3510 557 3550 ex
583 3490 881 3568 inproviso
909 3489 955 3547 si
983 3507 1140 3546 nunc
1168 3488 1404 3545 obiecta
1430 3495 1692 3562 repente,
1788 3488 1792 3493 '

484 3581 627 3657 quid
652 3580 840 3655 magis
868 3579 957 3637 his
984 3579 1155 3637 rebus
1183 3586 1413 3652 poterat
1443 3576 1704 3634 mirabile
1733 3574 1854 3632 dici
2169 3592 2294 3644 ¹035
