2784 3992
419 329 518 401 v.]
904 330 1015 381 DE
1070 328 1361 381 RERUM
1420 330 1761 383 NATURA
2115 335 2225 398 141

417 493 564 550 sicut
590 494 650 549 in
680 492 917 550 aethere
947 511 1069 550 non
1098 493 1286 565 arbor,
1315 512 1440 551 non
1471 513 1730 569 aequore
1761 497 1912 555 salso

415 584 599 641 nubes
629 601 757 641 esse
788 592 1015 658 queunt
1042 601 1236 657 neque
1264 584 1456 659 pisces
1483 586 1674 644 vivere
1703 586 1764 644 in
1791 588 1938 645 arvis

416 692 525 731 nec
555 692 729 731 cruor
756 674 816 730 in
844 672 1013 748 lignis
1041 676 1417 748 nequesaxis
1446 694 1620 734 sucus
1648 676 1857 736 inesse.
2139 698 2230 750 130

415 773 637 821 certum
668 782 739 821 ac
770 763 1175 839 dispositumst
1204 766 1305 823 ubi
1332 766 1598 841 quicquit
1626 778 1850 826 crescat
1880 778 1938 826 et
1967 768 2120 826 insit.

413 855 493 913 sic
523 855 702 913 animi
730 864 939 913 natura
965 856 1171 929 nequit
1198 856 1322 915 sine
1353 874 1602 931 corpore
1630 858 1763 916 oriri

412 946 533 1003 sola
559 963 757 1020 neque
786 964 821 1002 a
849 945 1040 1015 nervis
1067 956 1126 1003 et
1154 946 1433 1021 sanguine
1463 948 1711 1023 longiter
1740 967 1886 1008 esse.

411 1036 573 1110 quod
602 1037 649 1093 si
668 1070 749 1079 —
766 1046 969 1112 posset
997 1036 1154 1094 enim
1184 1038 1368 1094 multo
1397 1038 1554 1112 prius
1578 1040 1805 1115 —ipsa
1832 1040 2009 1098 animi
2037 1041 2123 1099 vis

410 1127 468 1184 in
497 1128 689 1203 capite
719 1136 820 1185 aut
846 1128 1061 1184 umeris
1088 1137 1189 1185 aut
1217 1128 1347 1185 imis
1376 1128 1633 1187 calcibus
1663 1148 1792 1187 esse
2138 1150 2226 1203 135

408 1228 609 1293 posset
637 1228 696 1275 et
725 1218 951 1275 innasci
980 1218 1181 1291 quavis
1211 1218 1271 1275 in
1298 1228 1484 1293 parte,
1514 1220 1728 1277 soleret

408 1308 648 1366 tandem
678 1309 738 1365 in
768 1307 982 1366 eodem
1013 1308 1252 1366 homine
1283 1318 1460 1383 atque
1491 1311 1551 1367 in
1574 1309 1789 1369 eodem
1814 1329 1948 1369 vase
1971 1329 2224 1370 manere.

409 1398 572 1474 quod
600 1399 881 1473 quoniam
909 1408 1109 1457 nostro
1138 1417 1375 1474 quoque
1409 1410 1636 1459 constat
1665 1420 1911 1476 corpore
1941 1411 2167 1460 certum

406 1489 871 1565 dispositumque
900 1488 1130 1547 videtur
1157 1490 1257 1548 ubi
1287 1508 1414 1549 esse
1445 1501 1504 1549 et
1533 1510 1794 1550 crescere
1822 1493 2008 1568 possit

406 1598 668 1637 seorsum
691 1580 886 1637 anima
902 1589 1077 1653 atque
1098 1580 1343 1652 animus,
1358 1590 1522 1639 tanto
1541 1582 2107 1658 magisinfitiandum
2133 1605 2225 1651 140

404 1680 595 1728 totum
624 1688 799 1746 posse
827 1678 989 1727 extra
1016 1688 1229 1746 corpus
1258 1672 1623 1746 formamque
1653 1659 1966 1731 animalem

405 1761 670 1836 putribus
698 1760 759 1818 in
787 1760 970 1835 glebis
998 1769 1277 1819 terrarum
1308 1772 1407 1819 aut
1437 1762 1572 1821 solis
1601 1764 1660 1821 in
1690 1764 1812 1839 igni
1885 1796 1898 1804 ·

405 1861 506 1909 aut
534 1852 593 1908 in
625 1869 780 1926 aqua
806 1850 1015 1909 dur-are
1044 1861 1144 1909 aut
1170 1852 1298 1910 altis
1327 1853 1576 1911 aetheris
1605 1854 1738 1912 oriS.

405 1942 563 2000 haud
594 1942 766 2019 igitur
794 1950 1063 1999 constant
1091 1941 1291 2002 divino
1320 1942 1585 2017 praedita
1613 1962 1804 2018 sensu,

405 2031 893 2109 quandoquidem
922 2042 1223 2107 nequeunt
1251 2033 1495 2090 vitaliter
1522 2052 1648 2091 esse
1677 2036 1949 2094 animata.
2135 2053 2222 2107 ¹45

486 2123 641 2182 Illud
671 2124 812 2181 item
841 2141 963 2180 non
992 2133 1079 2181 est
1107 2133 1170 2181 ut
1198 2124 1389 2199 possis
1419 2124 1678 2198 credere,
1711 2124 1883 2184 sedes

404 2233 533 2273 esse
562 2214 745 2272 deum
772 2223 1001 2273 sanetas
1029 2214 1089 2271 in
1118 2213 1323 2271 mundi
1352 2215 1610 2290 partibus
1640 2215 1782 2273 ullis.

402 2305 591 2363 tenvis
620 2306 780 2362 enim
809 2313 1013 2362 natura
1039 2304 1221 2362 deum
1248 2304 1542 2380 longeque
1571 2315 1799 2364 remota

402 2396 671 2454 sensibus
698 2396 775 2454 ab
803 2395 1011 2455 nostris
1038 2395 1217 2453 animi
1245 2395 1341 2452 vix
1369 2405 1566 2453 mente
1595 2394 1824 2454 videtur
1844 2417 1862 2469 3

402 2505 555 2562 quae
584 2486 865 2562 quoniam
893 2504 1174 2544 manuum
1202 2496 1426 2543 tactum
1455 2486 1688 2562 suffugit
1716 2497 1775 2545 et
1803 2487 2005 2559 ictum,
2130 2505 2223 2559 150

401 2577 599 2635 tactile
628 2576 709 2634 nil
736 2577 906 2635 nobis
935 2576 1099 2651 quod
1128 2577 1200 2635 sit
1228 2576 1569 2652 contingere
1599 2576 1795 2640 debet.

401 2678 641 2744 tangere
671 2668 830 2725 enirn
858 2685 980 2726 non
1008 2668 1134 2741 quit
1164 2666 1327 2741 quod
1355 2668 1513 2742 tangi
1543 2686 1664 2725 non
1694 2668 1831 2726 licet
1860 2669 2073 2743 ipsum.

401 2777 582 2834 quare
613 2758 791 2816 etiam
819 2757 990 2815 sedes
1019 2776 1256 2833 quoque
1288 2758 1496 2815 nostris
1525 2750 1762 2817 sedibus
1792 2776 1920 2817 esse

402 2848 713 2908 dissimiles
740 2848 979 2917 debent,
1010 2858 1215 2907 tenues
1246 2848 1321 2905 de
1352 2866 1602 2923 corpore
1632 2867 1835 2907 eorum
1855 2869 1874 2923 ;

401 2959 555 3016 quae
584 2940 690 2998 tibi
716 2940 1003 3015 posterius
1030 2939 1189 3015 largo
1204 2940 1487 2997 ‘sermone
1516 2940 1800 3014 probabo,
2130 2958 2219 3012 155

402 3030 602 3088 dicere
632 3048 805 3105 porro
835 3029 1141 3088 hominum
1171 3048 1349 3087 causa
1376 3029 1626 3087 voluisse
1656 3048 1860 3105 parare
2078 3015 2086 3023 ⁸

402 3121 764 3197 praeclaram
794 3121 997 3179 mundi
1028 3130 1291 3178 naturam
1320 3129 1752 3195 proptereaque

400 3212 770 3271 adlaudabile
800 3230 949 3287 opus
976 3211 1177 3269 divom
1207 3210 1444 3268 laudare
1473 3209 1688 3268 decere

400 3314 823 3377 aeternumque
852 3312 1055 3377 putare
1085 3311 1260 3375 atque
1291 3301 1599 3359 inmortale
1630 3302 1884 3359 futurum

395 3412 516 3455 nec
545 3394 633 3453 fas
664 3412 809 3465 esse,
841 3393 1019 3451 deum
1050 3392 1211 3467 quod
1243 3392 1314 3450 sit
1342 3394 1568 3450 ratione
1598 3402 1826 3451 vetusta
2130 3395 2215 3448 160
2261 3410 2270 3419 ·

394 3485 675 3564 gentibus
705 3484 971 3542 humanis
1001 3482 1306 3542 fundatum
1337 3493 1625 3558 perpetuo
1655 3503 1817 3557 aeVO,

394 3576 711 3639 sollicitare
741 3576 857 3637 suis
885 3574 1003 3637 ulla
1026 3575 1083 3636 vi
1113 3592 1187 3635 ex
1215 3574 1452 3636 sedibus
1483 3592 1767 3651 umquam
