2784 3992
521 323 615 393 v.]
994 326 1105 377 DE
1160 326 1454 379 RERUM
1509 325 1854 380 NATURA
2208 328 2318 394 145

468 558 470 565 Ι
512 487 716 561 partim
746 486 911 562 quod
940 497 1139 563 supter
1164 506 1270 563 per
1294 498 1476 546 terras
1506 487 1724 547 diditur
1748 488 1979 563 omnis;

510 578 841 652 percolatur
869 579 1025 635 enim
1053 579 1207 636 virus
1233 589 1506 653 retroque
1528 588 1794 637 remanat

511 658 791 727 materies
804 670 1023 727 umoris
1054 679 1115 727 et
1142 669 1219 727 ad
1250 680 1428 744 caput
1455 670 1726 728 amnibus
1754 669 1946 728 omnis
2230 691 2326 737 270

511 759 805 830 convenit,
830 759 971 819 inde
1001 777 1177 834 super
1204 771 1381 817 terras
1411 761 1535 817 fluit
1563 761 1796 835 agmine
1825 759 1986 818 dulci

511 867 627 924 qua
651 850 745 906 via
772 858 935 907 secta
961 851 1144 908 semel
1170 850 1398 925 liquido
1428 850 1584 925 pede
1613 849 1823 908 detulit
1850 849 2061 909 undas.

589 942 738 999 Aera
764 959 925 997 nunc
954 941 1127 1016 igitur
1153 940 1349 998 dicam
1379 942 1482 1015 qui
1511 959 1756 1016 corpore
1785 950 1914 1000 toto

510 1030 1004 1090 innumerabiliter
1029 1032 1221 1107 privas
1248 1041 1504 1089 mutatur
1529 1032 1589 1089 in
1619 1032 1809 1091 horaS.

510 1138 741 1196 semper
769 1122 946 1193 enim,
978 1121 1402 1197 quodcumque
1431 1122 1556 1179 fluit
1581 1121 1660 1179 de
1689 1122 1883 1193 rebuS,
1913 1121 1972 1179 id
2003 1140 2182 1180 omne
2229 1139 2320 1193 275

508 1212 653 1270 aeris
682 1212 741 1269 in
772 1230 1052 1287 magnum
1080 1213 1258 1270 fertur
1285 1231 1445 1270 mare
1468 1232 1486 1285 ς
1529 1213 1631 1287 qui
1664 1212 1774 1270 nisi
1802 1222 2010 1270 contra

510 1320 755 1377 corpora
782 1304 1059 1361 retribuat
1085 1303 1260 1361 rebus
1284 1313 1629 1377 recreetque
1658 1302 1905 1376 fluentiS‚

510 1394 708 1451 omnia
734 1394 851 1451 iam
880 1393 1135 1451 resoluta
1160 1395 1351 1452 forent
1378 1404 1438 1452 et
1466 1395 1526 1452 in
1555 1397 1689 1453 aera
1713 1412 1896 1452 versa.

509 1482 648 1541 haut
675 1484 847 1559 igitur
873 1494 1063 1542 cessat
1089 1485 1249 1560 gigni
1266 1484 1354 1542 ·de
1383 1485 1558 1543 rebus
1587 1494 1646 1542 et
1675 1485 1734 1542 in
1763 1503 1859 1543 res

508 1574 824 1647 reccidere,
853 1574 1099 1633 adsidue
1128 1576 1408 1651 quoniam
1438 1575 1616 1632 fluere
1644 1576 1846 1633 omnia
1871 1585 2119 1634 constat.
2231 1582 2325 1632 280

590 1665 809 1741 Largus
837 1666 979 1723 item
1008 1665 1212 1740 liquidi
1240 1666 1370 1724 fons
1398 1666 1652 1737 luminiS,
1683 1665 1974 1723 aetherius
2000 1665 2108 1737 sol,

507 1755 713 1831 inrigat
738 1754 985 1814 adsidue
1014 1757 1243 1814 caelum
1272 1756 1531 1814 candore
1559 1756 1783 1815 recenti

508 1845 964 1922 suppeditatque
994 1865 1151 1905 novo
1181 1848 1491 1905 confestim
1519 1847 1738 1904 lumine
1765 1846 1984 1904 lumen.

508 1956 646 1995 nam
673 1938 927 2013 primum
958 1937 1241 2012 quicquid
1270 1938 1505 2013 fulgoris
1533 1936 1776 2012 disperit
1802 1937 1879 2010 ei,

512 2046 887 2103 quocumque
918 2027 1144 2086 accidit.
1179 2028 1239 2086 id
1268 2029 1405 2087 licet
1432 2028 1570 2086 hinc
1600 2046 1963 2103 cognoscere
1989 2029 2196 2105 possis,
2229 2036 2321 2099 285

508 2120 673 2195 quod
702 2119 869 2178 simul
896 2138 967 2176 ac
995 2119 1247 2194 primum
1276 2120 1463 2178 nubes
1491 2117 1812 2177 succedere
1843 2119 1950 2177 soli

509 2229 763 2287 coepere
793 2220 852 2268 et
878 2208 1073 2269 radios
1103 2210 1251 2267 inter
1280 2211 1446 2285 quasi
1473 2227 1743 2284 rumpere
1770 2209 1934 2281 luciS,

508 2302 807 2376 extemplo
835 2300 1070 2359 inferior
1097 2319 1231 2376 pars
1260 2300 1470 2358 horum
1500 2300 1742 2375 disperit
1769 2300 1962 2358 omnis

507 2402 777 2468 terraque
804 2393 1167 2451 inumbratur
1194 2410 1313 2465 qua
1339 2392 1524 2449 nimbi
1551 2409 1807 2466 cumque
1837 2392 2097 2449 feruntur
2115 2412 2133 2465 3

508 2494 572 2541 ut
598 2502 811 2542 noscas
838 2482 1151 2559 splendore
1181 2501 1337 2541 novo
1368 2501 1460 2541 res
1489 2499 1724 2557 semper
1751 2500 1925 2557 egere
2228 2502 2325 2555 ²90
2415 2562 2436 2573 e

509 2584 570 2633 et
595 2574 849 2649 primum
878 2574 1095 2631 iactum
1122 2573 1356 2649 fulgoris
1385 2590 1683 2648 quemque
1712 2573 1900 2647 perire

508 2683 622 2724 nec
648 2665 872 2724 ratione
900 2664 1011 2721 alia
1037 2682 1128 2722 res
1155 2682 1329 2740 posse
1357 2664 1420 2722 in
1448 2664 1569 2723 sole
1599 2661 1803 2737 videri,

508 2766 796 2833 perpetuo
824 2756 885 2813 ni
912 2754 1250 2831 suppeditet
1275 2755 1422 2813 lucis
1450 2764 1628 2829 caput
1654 2754 1863 2829 ipsum.

509 2847 650 2921 quin
680 2846 858 2904 etiam
886 2856 1175 2904 nocturna
1199 2846 1323 2918 tibi,
1354 2845 1643 2904 terrestria
1670 2862 1821 2919 quae
1851 2853 2002 2916 sunt,

508 2937 745 3009 lumina,
774 2936 1104 3013 pendentes
1131 2936 1347 3013 lychini
1376 2936 1683 3011 claraeque
1713 2936 1971 2994 coruscis
2229 2952 2320 3009 295

508 3028 826 3104 fulguribus
853 3029 1100 3104 pingues
1130 3028 1313 3085 multa
1340 3026 1583 3103 caligine
1611 3025 1820 3085 taedae
1905 3086 1910 3091 ,

509 3120 797 3178 consimili
826 3128 1141 3194 properant
1168 3119 1412 3189 ratione,
1443 3117 1651 3176 ardore
1681 3117 1960 3189 ministrO,

508 3209 883 3285 suppeditare
913 3227 1131 3267 novom
1160 3209 1377 3278 lumen,
1408 3218 1656 3266 tremere
1685 3208 1914 3284 ignibus
1942 3208 2174 3278 instant,

509 3301 741 3371 instant,
775 3318 888 3357 nec
916 3300 1049 3357 loca
1075 3300 1171 3355 lux
1200 3300 1349 3357 inter
1376 3300 1541 3373 quasi
1571 3308 1740 3373 rupta
1767 3300 2038 3373 relinquit
2060 3320 2074 3370 3

508 3408 694 3466 usque
725 3389 877 3448 adeo
906 3400 1283 3465 properanter
1309 3390 1384 3448 ab
1413 3390 1686 3448 omnibus
1715 3391 1944 3467 ignibus
1973 3391 2026 3448 ei
2226 3406 2320 3459 300

508 3482 749 3540 exitium
779 3481 950 3539 celeri
978 3480 1197 3539 celatur
1224 3481 1444 3555 origine
1473 3480 1761 3539 flammae.

507 3573 594 3632 sic
624 3572 793 3648 igitur
820 3572 1003 3629 solem
1033 3572 1230 3629 lunam
1260 3572 1569 3646 stellasque
1597 3568 1979 3647 putandumst

1366 3674 1425 3709 10
