2784 3992
582 322 712 392 vr]
1066 321 1175 373 DE
1226 321 1520 374 RERUM
1578 322 1920 379 NATURA
2273 326 2386 391 193

582 491 641 541 et
669 482 833 559 quasi
863 481 1172 542 densendo
1201 482 1454 541 subtexit
1482 483 1713 541 caerula
1741 483 1971 544 nimbis.

578 573 645 632 fit
673 592 912 649 quoque
942 583 1006 632 ut
1034 574 1148 632 huc
1176 574 1412 631 veniant
1440 574 1498 631 in
1527 575 1755 633 caelum
1785 575 2143 635 extrinsecus
2171 576 2266 637 illa

580 683 827 740 corpora
852 683 1004 739 quae
1035 665 1252 722 faciunt
1279 664 1450 723 nubis
1479 654 1830 740 nimbosque
1861 667 2112 725 volantis
2132 688 2152 740 3

579 756 1057 814 innumerabilem
1078 756 1233 813 enim
1248 765 1556 814 numerum
1573 751 1982 832 summamque
2003 756 2278 833 profundi
2292 766 2389 829 485

580 864 707 906 esse
737 847 1019 905 infinitam
1048 846 1244 918 docui,
1275 856 1612 921 quantaque
1640 847 1903 905 volarent

580 955 827 1012 corpora
855 937 1175 995 mobilitate
1205 936 1440 995 ostendi
1469 955 1765 1012 quamque
1793 946 2040 1013 repente

578 1028 1015 1086 inmemorabile
1046 1046 1151 1103 per
1177 1028 1430 1102 spatium
1458 1028 1699 1086 transire
1727 1029 1999 1088 solerent.

578 1118 718 1177 haut
745 1119 915 1194 igitur
942 1107 1204 1176 mirumst
1231 1119 1277 1176 si
1307 1136 1490 1194 parvo
1517 1113 1782 1196 tempore
1812 1137 1988 1195 saepe

578 1210 863 1268 montibu‘
893 1219 1015 1267 tam
1043 1209 1265 1284 magnis
1296 1217 1610 1285 tempestas
1638 1219 1814 1285 atque
1841 1210 2121 1269 tenebrae
2263 1218 2390 1284 ‘490

578 1300 885 1376 coperiunt
914 1300 1093 1358 maria
1120 1318 1189 1357 ac
1217 1310 1394 1358 terras
1423 1300 1672 1375 inpensa
1700 1318 1969 1375 superne,

577 1391 838 1467 undique
865 1389 1347 1466 quandoquidem
1377 1409 1485 1467 per
1512 1392 1707 1449 caulas
1735 1391 1985 1450 aetheris
2014 1389 2206 1450 omnis

578 1492 637 1541 et
666 1482 831 1557 quasi
860 1500 965 1557 per
993 1482 1186 1557 magni
1216 1483 1437 1540 circum
1466 1482 1750 1558 spiracula
1778 1481 1985 1541 mundi

577 1573 763 1631 exitus
792 1562 1174 1647 introitusque
1204 1574 1506 1631 elementis
1534 1571 1796 1631 redditus
1825 1580 2000 1632 extat.

659 1665 836 1722 Nunc
864 1681 991 1739 age,
1021 1682 1141 1737 quo
1172 1673 1347 1738 pacto
1376 1664 1602 1739 pluvius
1631 1673 1973 1721 concrescat
2000 1663 2061 1721 in
2089 1662 2219 1721 altis
2287 1681 2383 1736 495

577 1755 827 1813 nubibus
855 1772 1026 1811 umor
1053 1763 1112 1811 et
1141 1754 1201 1811 in
1230 1764 1406 1811 terras
1436 1753 1721 1812 demissus
1749 1764 1814 1813 ut
1841 1754 2030 1813 imber

576 1844 831 1915 decidat,
861 1842 1195 1920 expediam.
1228 1845 1447 1919 primus
1477 1844 1591 1902 iam
1621 1845 1846 1902 semina
1872 1844 2045 1921 aquai

574 1936 756 1994 multa
784 1935 954 1994 simul
981 1935 1210 1993 vincam
1241 1953 1592 2010 consurgere
1620 1935 1873 1994 nubibus
1901 1935 2040 2010 ipsis

575 2027 847 2085 omnibus
875 2044 951 2084 ex
977 2027 1151 2085 rebus
1178 2026 1509 2101 pariterque
1539 2026 1618 2083 ita
1645 2044 1908 2084 crescere
1936 2036 2267 2101 utrumque,

575 2126 634 2176 et
661 2117 832 2176 nubis
860 2126 919 2175 et
946 2135 1161 2191 aquam
1190 2134 1598 2191 quaecumque
1628 2116 1689 2174 in
1717 2117 1968 2176 nubibus
1997 2126 2170 2191 extat,
2286 2136 2384 2189 500

574 2217 639 2266 ut
665 2208 877 2283 pariter
902 2209 1073 2266 nobis
1100 2226 1315 2282 corpus
1344 2226 1479 2265 cum
1509 2208 1788 2283 sanguine
1818 2208 2044 2281 crescit,

574 2298 754 2357 sudor
775 2299 919 2356 item
940 2309 1115 2373 atque
1132 2316 1305 2357 umor
1320 2299 1677 2373 quicumque
1698 2309 1786 2357 est
1807 2298 2065 2375 denique
2083 2300 2378 2359 membriS.

573 2390 918 2465 concipiunt
945 2390 1122 2447 etiam
1151 2390 1399 2448 multum
1429 2407 1667 2463 quoque
1696 2407 1873 2465 saepe
1902 2391 2186 2448 marinum

572 2499 858 2553 umorem,
889 2480 1063 2539 veluti
1091 2480 1412 2555 pendentia
1435 2480 1646 2538 vellera
1670 2480 1857 2553 lanae,

574 2590 710 2630 cum
738 2590 948 2647 supera
975 2590 1250 2647 magnum
1282 2589 1441 2629 mare
1467 2571 1626 2629 venti
1652 2571 1853 2630 nubila
1878 2581 2128 2647 portant.
2279 2591 2373 2645 505

573 2663 860 2721 consimili
887 2663 1109 2721 ratione
1140 2681 1214 2720 ex
1241 2654 1514 2720 omnibus
1543 2661 1810 2721 amnibus
1838 2681 2007 2720 umor

573 2754 787 2811 tollitur
814 2753 872 2811 in
902 2755 1090 2812 nubis,
1122 2771 1242 2828 quo
1272 2772 1410 2810 cum
1437 2753 1592 2811 bene
1621 2753 1846 2811 semina
1872 2772 2148 2828 aquarum

572 2844 755 2901 multa
779 2844 972 2902 modis
1002 2844 1193 2902 multis
1220 2862 1552 2902 convenere
1580 2843 1842 2917 undique
1869 2843 2133 2916 adaucta,

572 2936 867 2993 confertae
896 2935 1081 2993 nubes
1110 2953 1374 2993 umorem
1404 2935 1630 2992 mittere
1659 2942 1882 2992 certant

572 3024 880 3101 dupliciter
900 3046 917 3098 3
959 3044 1096 3083 narn
1124 3026 1208 3083 vis
1235 3026 1393 3083 venti
1422 3024 1716 3083 contrudit
1744 3034 1802 3083 et
1830 3025 1957 3101 ipsa
2274 3042 2371 3096 510

571 3117 745 3192 copia
769 3116 1101 3174 nimborum
1129 3117 1298 3174 turba
1323 3117 1543 3173 maiore
1572 3125 1780 3173 coacta

570 3217 751 3283 urget,
780 3206 857 3265 de
886 3225 1098 3282 supero
1126 3206 1336 3283 premit
1364 3226 1435 3264 ac
1464 3207 1602 3264 facit
1630 3206 1863 3265 effluere
1892 3207 2108 3265 imbriS.

569 3307 871 3374 praeterea
898 3317 1035 3355 cum
1062 3306 1358 3356 rarescunt
1386 3316 1625 3373 quoque
1654 3298 1851 3355 nubila
1877 3298 2063 3355 ventis

568 3398 669 3446 aut
695 3387 1097 3459 dissolvuntur,
1127 3390 1261 3446 solis
1290 3408 1464 3464 super
1491 3388 1607 3445 icta
1633 3388 1842 3460 calore,

569 3479 803 3545 mittunt
829 3497 1093 3536 umorem
1122 3479 1379 3555 pluvium
1410 3480 1753 3553 stillantque,
1784 3479 1945 3553 quasi
1975 3478 2095 3553 igni
2267 3493 2366 3551 515

566 3586 701 3626 cera
728 3587 903 3644 super
928 3568 1119 3627 calido
1148 3570 1450 3628 tabescens
1479 3571 1658 3627 multa
1684 3570 1982 3647 liquescat.

1437 3674 1493 3725 ¹3
