2784 3992
476 338 591 391 111.
600 337 621 408 J
966 340 1078 392 DE
1130 340 1426 394 RERUM
1480 341 1824 397 NATURA

2205 333 2290 411 89

470 504 821 561 conveniant
847 501 1009 561 unde
1036 521 1155 560 una
1180 504 1502 577 recesserit,
1532 503 1648 561 hoc
1677 513 1878 561 tamen
1906 513 1995 562 est
2021 513 2088 562 ut
2189 524 2282 577 725

470 594 873 667 quaerendum
900 593 1167 651 videatur
1195 603 1254 652 et
1284 594 1347 651 in
1374 593 1691 652 discrimen
1718 593 2036 669 agendum,

466 693 658 741 utrum
687 684 929 742 tandem
958 686 1189 741 animae
1217 694 1503 742 venentur
1530 686 1754 742 semina
1782 704 2054 761 quaeque

466 776 913 833 vermiculorum
942 776 1221 849 ipsaeque
1252 775 1360 833 sibi
1390 776 1745 833 fabricentur
1773 777 1874 834 ubi
1901 777 2036 850 sint,

466 884 540 922 an
568 867 734 939 quasi
762 867 1107 940 corporibus
1134 866 1410 941 perfectis
1440 866 1820 925 insinuentur.

464 966 522 1014 at
549 976 743 1031 neque
773 976 877 1013 cur
903 957 1117 1015 faciant
1144 957 1306 1032 ipsae
1335 975 1587 1031 quareve
1617 958 1883 1016 laborent

2182 982 2280 1031 730

464 1046 659 1105 dicere
688 1047 1041 1123 suppeditat.
1071 1065 1266 1123 neque
1295 1048 1472 1121 enim,
1505 1048 1630 1105 sine
1660 1067 1908 1123 corpore
1940 1068 2078 1107 cum
2108 1062 2262 1126 sunt,

462 1138 738 1196 sollicitae
764 1138 1006 1197 volitant
1032 1138 1251 1197 morbis
1278 1139 1531 1214 alguque
1559 1140 1832 1213 fameque
1851 1160 1872 1213 3

461 1246 673 1303 corpus
701 1229 861 1287 enim
888 1230 1071 1305 magis
1101 1230 1191 1287 his
1219 1230 1368 1287 vitiis
1400 1229 1595 1287 adfine
1624 1230 1850 1289 laborat

460 1328 519 1377 et
544 1319 699 1377 mala
726 1320 909 1377 multa
937 1320 1167 1377 animus
1197 1329 1448 1396 contage
1478 1320 1734 1396 fungitur
1762 1322 1904 1379 eius

458 1408 564 1469 sed
590 1419 792 1469 tamen
822 1410 911 1469 his
938 1420 1066 1468 esto
1095 1411 1359 1485 quamvis
1388 1411 1578 1468 facere
1606 1411 1746 1469 utile
1776 1430 2008 1486 corpuS,

456 1519 593 1559 cum
620 1502 870 1560 subeant
890 1522 908 1574 ;
950 1511 1009 1559 at
1037 1519 1157 1575 qua
1181 1501 1408 1576 possint
1433 1502 1528 1559 via
1555 1502 1711 1559 nulla
1737 1501 1986 1560 videtur.

454 1590 594 1649 haut
622 1592 796 1667 igitur
821 1592 1040 1650 faciunt
1067 1592 1299 1650 animae
1327 1592 1441 1650 sibi
1469 1610 1719 1667 corpora
1746 1600 1806 1649 et
1831 1602 2008 1651 artus.

454 1699 567 1740 nec
595 1692 796 1740 tamen
823 1690 913 1740 est
940 1683 1106 1757 utqui
1133 1683 1408 1757 perfectis
1436 1683 1802 1741 insinuentur

453 1774 797 1848 corporibus
818 1793 836 1846 3
880 1790 1074 1847 neque
1104 1774 1263 1831 enim
1290 1782 1569 1849 poterunt
1597 1773 1882 1848 suptiliter
1909 1792 2038 1833 esse

452 1881 717 1921 conexae
745 1881 941 1937 neque
971 1881 1293 1921 consensus
1321 1863 1593 1939 contagia
1618 1864 1780 1923 fient.

532 1954 810 2029 Denique
839 1972 942 2012 cur
969 1955 1117 2012 acris
1142 1954 1423 2013 violentia
1449 1955 1610 2012 triste
1640 1954 1879 2012 leonum

450 2046 761 2104 seminium
789 2046 1067 2120 sequitur,
1096 2046 1301 2121 volpes
1329 2046 1518 2119 doluS,
1550 2055 1609 2104 et
1636 2046 1773 2121 fuga
1801 2063 2022 2119 cervOS‚

447 2145 509 2194 et
536 2137 653 2194 iam
682 2145 877 2195 cetera
905 2136 983 2194 de
1010 2154 1226 2212 genere
1255 2137 1372 2195 hoc
1402 2155 1508 2195 cur
1534 2137 1735 2195 omnia
1761 2137 2038 2197 membris

448 2244 523 2285 ex
550 2228 789 2286 ineunte
818 2245 965 2287 aevo
992 2238 1379 2303 generascunt
1409 2228 1784 2303 ingenioque,

447 2318 496 2376 si
522 2336 663 2391 non,
692 2327 854 2376 certa
881 2336 988 2377 suo
1016 2318 1153 2393 quia
1180 2319 1405 2377 semine
1434 2318 1803 2393 seminioque

444 2409 529 2467 vis
556 2409 737 2468 animi
760 2409 975 2485 pariter
1001 2409 1209 2467 crescit
1236 2428 1375 2467 cum
1404 2427 1651 2485 corpore
1679 2417 1808 2468 toto
1822 2408 1853 2467 ἓ

446 2500 609 2575 quod
637 2501 687 2559 si
714 2500 1033 2558 inmortalis
1061 2501 1211 2558 foret
1238 2510 1297 2558 et
1324 2510 1550 2558 mutare
1579 2500 1791 2558 soleret

445 2610 712 2667 corpora,
740 2591 1041 2667 permixtis
1070 2591 1394 2671 animantes
1425 2591 1682 2650 moribus
1711 2598 1928 2663 essent,

444 2682 725 2758 effugeret
753 2683 914 2741 canis
943 2683 1225 2758 Hyrcano
1256 2681 1333 2740 de
1363 2682 1588 2740 semine
1617 2699 1795 2756 saepe

443 2774 731 2849 cornigeri
759 2774 1057 2831 incursum
1088 2773 1245 2831 cervi
1274 2781 1666 2847 tremeretque
1694 2789 1801 2847 per
1827 2788 1994 2830 auras

441 2864 588 2922 aeris
617 2864 898 2939 accipiter
926 2864 1152 2939 fugiens
1183 2863 1454 2921 veniente
1485 2863 1778 2936 columba,

442 2953 778 3029 desiperent
805 2953 1092 3027 homineS,
1124 2962 1394 3029 saperent
1423 2954 1542 3011 fera
1570 2954 1763 3011 saecla
1791 2952 2060 3011 ferarum.

440 3044 581 3102 illud
610 3046 769 3103 enim
796 3045 939 3103 falsa
966 3046 1143 3103 fertur
1170 3046 1413 3125 ratione,
1449 3043 1612 3115 quod
1639 3044 1800 3102 aiunt

439 3135 812 3193 inmortalem
838 3136 1095 3194 animam
1122 3145 1347 3194 mutato
1377 3153 1625 3211 corpore
1655 3134 1827 3193 flecti.

440 3224 605 3301 quod
633 3236 887 3285 mutatur
912 3227 1071 3285 enim
1101 3226 1447 3299 dissolvitur,
1479 3226 1674 3284 interit
1703 3242 1882 3301 erg03

438 3317 779 3375 flaiciuntur
806 3318 964 3376 enim
991 3327 1185 3393 partes
1214 3327 1389 3392 atque
1419 3317 1626 3375 ordine
1655 3318 1946 3393 migrant3

437 3426 619 3483 quare
648 3407 889 3467 dissolui
917 3427 1154 3483 quoque
1184 3407 1407 3465 debent
1434 3426 1608 3483 posse
1638 3426 1745 3483 per
1773 3416 1948 3480 «πως,

436 3498 698 3575 denique
728 3509 792 3557 ut
818 3499 1103 3558 intereant
1129 3518 1247 3557 una
1276 3517 1412 3556 cum
1442 3518 1688 3574 corpore
1719 3507 1987 3557 cunctae.

433 3590 527 3651 sin
555 3590 779 3649 animas
807 3590 1115 3650 hominum
1142 3590 1387 3648 dicent
1371 3609 1432 3647 m
1461 3608 1711 3665 corpora
1739 3606 1974 3664 semper

2179 1432 2272 1485 735

2175 1885 2270 1934 740

2173 2249 2263 2301 745

2170 2700 2266 2753 750

2165 3153 2259 3206 755
