2784 3992
523 343 663 417 [IL]
1000 346 1109 397 DE
1164 346 1456 400 RERUM
1514 348 1862 401 NATURA
2252 351 2330 418 73

514 508 808 584 corripere
839 527 916 567 ex
942 528 1153 569 somno
1181 530 1395 587 corpus
1425 522 1769 589 mutareque
1797 516 2018 575 vultum

513 609 689 674 atque
719 599 1024 659 hominem
1052 611 1242 660 totum
1270 622 1472 679 regere
1502 624 1574 662 ao
1599 624 1826 663 versare
1855 606 2102 679 videtur,

514 707 762 765 quorum
792 692 872 748 nil
898 691 1025 749 fieri
1053 692 1177 750 sine
1205 703 1363 751 tactu
1393 712 1571 769 posse
1599 694 1869 753 videmus
2241 704 2330 771 165

512 799 624 838 nec
653 790 873 839 tactum
903 800 1083 856 porro
1112 784 1236 841 sine
1265 802 1533 859 corpore,
1564 804 1762 844 nonne
1792 786 2146 845 fatendumst

514 889 798 946 corporea
825 882 1032 930 natura
1060 875 1321 932 animum
1350 885 1622 933 constare
1651 877 2024 952 animamque
2041 879 2069 935 ?

512 972 812 1036 praeterea
839 964 1055 1037 pariter
1082 964 1243 1040 fungi
1272 983 1411 1023 cum
1440 984 1687 1042 corpore
1717 976 1776 1024 et
1805 986 1921 1025 una

512 1054 843 1111 consentire
872 1054 1133 1123 animum
1162 1056 1333 1114 nobis
1364 1057 1427 1113 in
1456 1076 1702 1133 corpore
1733 1058 1938 1115 cernis,

511 1142 559 1201 si
585 1144 777 1201 minus
806 1144 1054 1227 offendit
1080 1146 1258 1203 vitam
1287 1148 1372 1205 vis
1401 1146 1637 1205 horrida
1664 1148 1762 1205 teli
2239 1171 2329 1216 170

511 1234 736 1293 ossibus
766 1253 836 1293 ac
866 1237 1059 1295 nervis
1088 1235 1355 1295 disclusis
1384 1238 1542 1296 intus
1570 1238 1800 1310 adacta,

508 1335 567 1383 at
594 1335 795 1384 tamen
823 1325 1146 1403 insequitur
1171 1327 1419 1403 languor
1445 1337 1749 1403 terraeque
1778 1329 1994 1404 petitus

508 1418 719 1493 segniS‚
751 1428 812 1476 et
840 1418 902 1476 in
930 1427 1080 1477 terra
1107 1420 1321 1477 mentis
1350 1419 1452 1493 qui
1481 1419 1733 1495 gignitur
1760 1430 1972 1493 aestus,

508 1508 921 1584 interdumque
951 1510 1119 1584 quasi
1146 1509 1470 1585 exurgendi
1499 1511 1721 1567 incerta
1749 1512 2032 1571 voluntas.

506 1616 645 1674 ergo
674 1617 1020 1675 corpoream
1049 1609 1315 1657 naturam
1344 1600 1526 1658 animi
1555 1618 1684 1659 esse
1713 1613 2029 1676 necessest,
2231 1622 2320 1675 ¹⁷5

504 1691 803 1767 corporeis
830 1691 1108 1765 quoniam
1136 1691 1264 1750 telis
1293 1692 1532 1768 ictuque
1561 1692 1801 1752 laborat.

584 1782 645 1840 Is
673 1782 781 1839 tibi
808 1799 966 1839 nunc
995 1782 1223 1839 animus
1252 1783 1409 1857 quali
1439 1784 1510 1840 sit
1540 1802 1786 1858 corpore
1816 1794 1876 1842 et
1903 1782 2062 1842 unde

504 1871 827 1930 constiterit
858 1889 1096 1948 pergam
1126 1873 1415 1931 rationem
1444 1873 1692 1930 reddere
1724 1873 1913 1931 dictis,

500 1962 795 2039 principio
817 1982 945 2021 esse
976 1964 1069 2022 aio
1098 1964 1476 2039 persuptilem
1507 1964 1950 2038 atque'minutis

500 2072 788 2131 perquam
818 2055 1159 2130 corporibus
1189 2054 1407 2111 factum
1439 2064 1726 2111 constare.
1772 2054 1832 2111 id
1862 2055 1942 2112 ita
1970 2074 2097 2114 esse
2226 2063 2318 2113 180

501 2146 637 2204 hinc
666 2146 805 2203 licet
832 2145 1098 2203 advertas
1128 2145 1389 2215 animum
1418 2154 1483 2202 ut
1509 2162 1861 2220 pernoscere
1891 2147 2081 2221 possis
2105 2167 2119 2204 t

497 2237 578 2294 nil
608 2235 763 2295 adeo
792 2236 917 2293 fieri
946 2236 1119 2293 celeri
1149 2235 1373 2292 ratione
1404 2235 1648 2306 videtur,
1721 2256 1726 2261 ·

498 2344 675 2401 quam
706 2327 813 2385 sibi
843 2344 1012 2384 mens
1042 2326 1165 2384 fieri
1192 2327 1472 2401 proponit
1500 2335 1558 2383 et
1587 2326 1825 2385 inchoat
1853 2326 1980 2401 ipsa
1998 2348 2018 2399 3

496 2418 663 2476 ocius
692 2435 834 2493 ergo
862 2418 1091 2475 animus
1122 2436 1299 2492 quam
1320 2406 1420 2473 'res
1450 2434 1512 2473 se
1543 2418 1767 2491 perciet
1796 2417 1927 2489 ulla,

496 2518 631 2565 ante
661 2508 867 2565 oculos
896 2526 1145 2582 quorum
1177 2508 1237 2565 in
1268 2516 1542 2582 promptu
1573 2516 1777 2565 natura
1804 2506 2050 2565 videtur.
2222 2514 2309 2579 185

495 2608 555 2656 at
582 2597 747 2673 quod
777 2599 994 2657 mobile
1024 2608 1187 2656 tanto
1219 2607 1472 2673 operest,
1503 2607 1769 2655 constare
1801 2597 2063 2655 rutundis
2159 2666 2163 2670 ¹

494 2707 780 2764 perquam
808 2689 1128 2747 seminibus
1157 2688 1337 2745 debet
1365 2706 1767 2763 perquamque
1800 2688 2055 2759 minutiS‚

496 2781 755 2838 momine
784 2780 867 2837 uti
894 2797 1073 2855 parvo
1102 2779 1327 2854 possint
1355 2779 1580 2853 inpulsa
1610 2778 1857 2835 moveri.-

492 2889 750 2945 namque
780 2879 1046 2928 movetur
1072 2888 1225 2944 aqua
1254 2879 1313 2927 et
1342 2869 1564 2927 tantillo
1595 2869 1856 2926 momine
1886 2868 2051 2926 flutat

492 2962 713 3037 quippe
743 2961 1089 3021 volubilibus
1117 2961 1422 3035 parvisque
1453 2970 1647 3017 creata
1673 2958 1887 3035 figuris.
2217 2980 2310 3033 190

489 3061 551 3109 at
578 3061 784 3109 contra
811 3051 997 3109 mellis
1024 3038 1383 3109 const'antior
1411 3060 1499 3107 est
1527 3059 1732 3106 natura

488 3154 550 3201 et
577 3144 725 3219 pigri
753 3143 953 3200 latices
981 3142 1163 3217 magis
1193 3151 1252 3199 et
1280 3141 1648 3197 cunctantior
1674 3149 1840 3198 actus
1861 3160 1880 3213 3

488 3234 690 3292 haeret
720 3234 877 3291 enim
906 3234 1055 3289 inter
1083 3251 1144 3289 se
1176 3232 1359 3307 magis
1386 3232 1578 3288 omnis
1609 3231 1870 3288 materiai

486 3325 681 3400 copia,
712 3324 985 3383 nimirum
1014 3324 1152 3398 quia
1178 3341 1298 3380 non
1329 3332 1449 3379 tam
1479 3322 1699 3378 levibus
1731 3330 1888 3378 extat

483 3415 833 3490 corporibus
861 3432 1054 3488 neque
1083 3423 1201 3471 tam
1232 3412 1535 3471 subtilibus
1565 3402 1744 3486 atque
1771 3410 2054 3470 rutundis·
2215 3430 2298 3482 195

482 3524 743 3580 namque
774 3505 1073 3581 papaveris
1102 3522 1251 3561 aura.
1270 3511 1464 3577 potest
1492 3520 1773 3576 suspensa
1799 3502 2058 3576 levisque

370 3628 387 3669 ·.
480 3615 698 3672 cogere
730 3604 793 3653 ut
820 3596 897 3654 ab
925 3612 1155 3652 summo
1183 3594 1287 3652 tibi
1317 3592 1545 3649 diffluat
1572 3592 1718 3649 altus
1747 3610 1986 3649 acervus
2009 3612 2027 3663 ;
