2784 3992
550 362 685 435 Ν]
1036 363 1148 417 DE
1200 363 1496 419 RERUM
1551 364 1896 453 NATURA
2238 369 2352 433 117

545 538 741 586 cetera
769 526 845 585 de
862 544 1080 603 genere
1101 526 1217 585 hoc
1237 536 1500 585 monstra
1519 546 1589 584 ac
1610 537 1883 603 portenta
1901 528 2234 603 loquontur,
2265 547 2361 602 590

543 636 620 676 ne
647 620 781 677 loca
810 618 1041 675 deserta
1068 618 1144 676 ab
1174 616 1321 675 divis
1351 636 1590 692 quoque
1619 619 1765 676 forte
1795 628 2072 693 putentur

543 709 666 766 sola
693 719 911 766 tenere.
942 707 1081 766 ideo
1109 709 1325 765 iactant
1354 709 1631 765 miracula
1658 708 1831 766 dictis

541 808 640 856 aut
669 799 863 873 aliqua
888 798 1111 856 ratione
1142 798 1253 855 alia
1280 798 1592 869 ducuntur,
1623 808 1687 856 ut
1715 816 1895 857 omne

542 889 865 946 humanum
892 907 1078 964 genus
1107 898 1196 947 est
1223 888 1458 946 avidum
1488 889 1660 946 nimis
1690 823 2331 974 auricularumL-,fj

622 978 804 1053 Quod
834 987 1117 1054 superest,
1147 997 1269 1037 non
1298 989 1386 1037 est
1415 978 1746 1037 mirandum
1773 998 1892 1055 qua
1919 982 2161 1053 ratione,
2263 999 2355 1053 595

541 1088 646 1145 per
671 1071 805 1127 loca
833 1062 1318 1144 quae'nequeunt
1345 1070 1499 1127 oculi
1527 1088 1619 1127 res
1648 1088 1886 1127 cernere
1916 1081 2164 1145 apertas,

543 1160 689 1217 haec
721 1161 853 1217 loca
880 1178 987 1235 per
1012 1177 1190 1218 voces
1219 1160 1456 1218 veniant
1484 1160 1753 1235 aurisque
1782 1161 2089 1220 lacessant.

540 1251 924 1325 conloquium
952 1250 1161 1309 clausis
1188 1250 1406 1309 foribus
1436 1268 1675 1326 quoque
1703 1268 1880 1326 saepe
1908 1251 2198 1324 videmuS,

539 1341 813 1399 nimirum
841 1340 979 1415 quia
1003 1359 1119 1400 vox
1146 1358 1254 1416 per
1282 1341 1434 1399 flexa
1461 1342 1752 1399 foramina
1777 1360 1970 1399 rerum

538 1430 846 1489 incolumis
874 1431 1113 1489 transire
1142 1441 1356 1507 potest,
1386 1432 1691 1489 simulacra
1717 1441 1988 1490 renutant
2009 1452 2027 1505 3
2262 1441 2357 1490 600

537 1520 995 1598 perscinduntur
1023 1522 1201 1595 enim,
1230 1523 1341 1580 nisi
1369 1532 1532 1580 recta
1559 1522 1845 1580 foramina
1872 1532 2120 1596 tranant,

538 1613 732 1687 qualia
760 1620 896 1669 sunt
922 1612 1105 1685 vitrei,
1135 1612 1365 1688 species
1394 1630 1512 1687 qua
1539 1613 1783 1670 travolat
1811 1614 2023 1672 omnis.

537 1712 839 1778 praeterea
866 1703 1043 1777 partis
1070 1703 1133 1760 in
1160 1713 1402 1761 cunctas
1431 1701 1706 1760 dividitur
1731 1722 1866 1775 vox,

538 1812 611 1851 ex
638 1794 764 1851 aliis
791 1793 937 1850 aliae
967 1794 1246 1867 quoniam
1274 1794 1604 1869 gignuntur,
1635 1794 1736 1851 ubi
1764 1812 1882 1851 una

537 1882 804 1942 dissuluit
831 1884 1014 1941 semel
1042 1884 1101 1941 in
1132 1884 1338 1942 multas
1367 1894 1586 1955 exorta,
1618 1885 1786 1958 quasi
1816 1884 1962 1959 ignis
2261 1892 2351 1957 ⁶05

539 1992 715 2050 saepe
747 1975 897 2033 solet
925 1975 1169 2033 scintilla
1197 1993 1332 2033 suos
1362 1994 1424 2033 se
1455 1993 1722 2050 spargere
1754 1976 1813 2032 in
1841 1974 2008 2050 ignis.

538 2084 677 2141 ergo
705 2066 1001 2140 replentur
1027 2067 1159 2124 loca
1184 2066 1448 2137 vocibuS,
1479 2064 1676 2123 abdita
1704 2075 1856 2124 retro

538 2158 736 2215 omnia
763 2174 915 2232 quae
944 2156 1164 2213 circum
1192 2156 1423 2214 fervunt
1450 2156 1762 2235 sonituque
1791 2156 2035 2215 cientur.

538 2257 596 2305 at
624 2247 929 2305 simulacra
954 2247 1060 2305 viis
1088 2246 1340 2305 derectis
1368 2247 1570 2305 omnia
1599 2245 1849 2304 tendunt

538 2348 601 2395 ut
630 2347 765 2396 sunt
796 2338 973 2397 missa
1000 2338 1182 2395 semel
1204 2358 1219 2410 ;
1258 2348 1618 2413 quapropter
1645 2355 1885 2395 cernere
1914 2322 2093 2397 nemo
2253 2345 2349 2395 610

538 2446 779 2504 saepem
808 2429 956 2487 ultra
983 2429 1138 2504 potis
1167 2438 1273 2499 est,
1304 2438 1364 2486 at
1390 2446 1569 2485 voces
1597 2428 1867 2503 accipere
1897 2438 2073 2487 extra.

539 2529 597 2577 et
613 2529 811 2578 tamen
829 2520 956 2595 ipsa
972 2537 1211 2595 quoque
1231 2518 1398 2589 haec,
1422 2518 1565 2576 dum
1590 2519 1789 2575 transit
1806 2519 2002 2577 clausa
2019 2518 2346 2594 domorum,

536 2628 652 2668 vox
678 2608 1026 2686 optunditur
1051 2620 1228 2685 atque
1259 2610 1411 2668 auris
1439 2610 1684 2667 confusa
1711 2618 1981 2683 penetrat

538 2710 597 2759 et
624 2702 880 2759 sonitum
906 2694 1101 2776 potius
1130 2718 1307 2775 quam
1334 2701 1513 2758 verba
1540 2699 1740 2757 audire
1768 2699 2059 2759 videmur.

619 2792 769 2861 Nec,
799 2792 901 2865 qui
930 2792 1211 2849 sentimus
1240 2810 1467 2862 sucum,
1498 2791 1694 2866 lingua
1721 2801 1895 2864 atque
1926 2791 2184 2865 palatum
2255 2799 2350 2864 615

536 2881 868 2956 plusculum
897 2880 1116 2940 habent
1143 2882 1204 2939 in
1233 2899 1296 2953 se
1326 2882 1563 2939 rationis
1593 2881 1721 2955 plus
1750 2898 2055 2954 operaeve.

537 2972 826 3047 principio
855 2990 1063 3030 sucum
1092 2972 1374 3029 sentimus
1403 2972 1463 3029 in
1493 2988 1613 3042 ore,
1644 2971 1840 3028 cibum
1871 2988 2009 3028 cum

536 3060 877 3120 mandendo
906 3062 1301 3137 exprimimus,
1332 3079 1445 3118 ceu
1475 3061 1710 3136 plenam
1741 3061 2048 3136 spongiam
2078 3062 2250 3136 aquai

536 3153 714 3227 siquis
742 3153 891 3211 forte
921 3170 1096 3209 manu
1124 3170 1389 3227 premere
1419 3170 1490 3209 ac
1519 3152 1739 3209 siccare
1770 3152 1989 3227 coepit.

534 3242 674 3300 inde
703 3242 867 3318 quod
894 3243 1269 3318 exprimimus
1297 3260 1405 3317 per
1430 3243 1627 3300 caulas
1656 3261 1834 3301 omne
1863 3243 2037 3317 palati
2251 3248 2348 3298 620

534 3332 756 3391 diditur
782 3342 842 3391 et
868 3350 1026 3391 rarae
1056 3334 1335 3409 perplexa
1362 3332 1646 3390 foramina
1674 3333 1924 3410 linguae.

533 3422 651 3483 hoc
679 3423 780 3481 ubi
807 3423 954 3481 levia
981 3433 1113 3482 sunt
1143 3424 1432 3481 manantis
1463 3441 1710 3498 corpora
1739 3424 1902 3495 suci,.

532 3514 785 3572 suaviter
810 3514 1100 3589 attingunt
1128 3525 1187 3571 et
1215 3514 1465 3571 suaviter
1492 3514 1690 3571 omnia
1716 3522 1968 3572 tractant

532 3604 739 3663 umida
763 3604 977 3680 linguai
1004 3605 1226 3662 circum
1254 3601 1523 3661 sudantia
1548 3604 1784 3679 templa.
