2784 3992
515 305 592 352 10
1142 301 1605 356 LUCRETIUS
2242 303 2318 374 [1.

504 465 564 523 in
592 482 797 540 parvas
825 463 995 539 igitur
1021 465 1198 539 partis
1228 463 1575 539 dispergitur
1601 483 1771 523 umor

503 575 647 630 quas
676 554 833 614 oculi
861 555 1017 612 nulla
1043 565 1288 629 possunt
1317 556 1541 612 ratione
1570 554 1785 613 videre.
2223 575 2320 626 310

503 647 644 721 quin
673 648 849 704 etiam
881 646 1072 703 multis
1101 646 1234 703 solis
1262 645 1641 703 redeuntibus
1668 646 1835 704 annis

501 738 706 794 anulus
736 737 796 794 in
826 737 1008 812 digito
1039 739 1236 794 subter
1265 746 1536 793 tenuatur
1564 736 1858 808 habendo,
1888 787 1904 798 .

501 831 732 888 stilicidi
763 850 930 890 casus
961 828 1216 905 lapidem
1247 840 1432 900 cavat,
1464 848 1649 886 uncus
1678 830 1847 886 aratri

500 922 718 978 ferreus
747 922 978 979 occulte
1009 921 1297 978 decrescit
1325 938 1528 976 vomer
1556 921 1615 976 in
1644 920 1810 990 arviS,

499 1021 788 1086 strataque
817 1012 933 1068 iam
961 1012 1112 1086 volgi
1141 1010 1392 1086 pedibus
1422 1009 1631 1068 detrita
1656 1010 1877 1068 viarum
2220 1030 2314 1083 315

497 1120 672 1160 saxea
699 1103 1090 1176 conspicimus
1112 1123 1130 1174 3
1172 1111 1298 1159 tum
1325 1110 1522 1176 portas
1549 1109 1789 1175 propter
1813 1099 1963 1158 aiina

497 1193 662 1268 signa
691 1211 896 1250 manus
926 1191 1156 1250 dextras
1185 1192 1505 1251 ostendunt
1533 1190 1835 1249 adtenuari

496 1301 672 1357 saepe
702 1284 1052 1341 salutantum
1083 1293 1239 1341 tactu
1267 1293 1616 1358 praeterque
1646 1291 1966 1341 meantum.

496 1373 643 1430 haec
672 1374 844 1448 igitur
873 1374 1072 1446 minui,
1103 1392 1238 1431 cum
1269 1375 1383 1432 sint
1412 1373 1641 1445 detrita,
1672 1372 1956 1431 videmus,

495 1463 600 1522 sed
629 1482 780 1538 quae
811 1482 1058 1539 corpora
1085 1463 1382 1522 decedant
1411 1465 1469 1522 in
1499 1475 1766 1540 tempore
1796 1482 2054 1539 quoque,
2218 1483 2316 1535 320

495 1554 692 1612 invida
718 1556 1028 1630 praeclusit
1056 1556 1315 1630 speciem
1343 1564 1550 1613 natura
1576 1554 1835 1613 videndi.

493 1655 792 1720 postremo
823 1664 1234 1720 quaecumque
1257 1645 1384 1703 dies
1414 1655 1734 1721 naturaque
1762 1647 1937 1704 rebus

493 1737 768 1810 paulatim
798 1737 1013 1807 tribuit,
1046 1736 1393 1794 moderatim
1426 1755 1691 1794 crescere
1722 1755 1965 1812 cogenS‚

493 1827 648 1884 nulla
673 1837 868 1902 potest
895 1828 1201 1885 oculorum
1230 1828 1386 1884 acies
1416 1838 1698 1885 contenta
1727 1829 1873 1885 tueri
1894 1849 1913 1900 3

492 1935 603 1974 nec
632 1936 805 1992 porro
834 1937 1240 1992 quaecumque
1269 1936 1416 1975 aevo
1446 1919 1753 1992 macieque
1785 1927 2118 1988 senescunt,
2215 1935 2310 1988 325

491 2026 622 2079 nee,
655 2027 810 2066 mare
840 2027 989 2082 quae
1020 2009 1363 2083 inpendent,
1392 2027 1571 2066 vesco
1602 2009 1718 2066 sale
1749 2028 1886 2066 saxa
1913 2027 2120 2084 peresa

491 2097 635 2172 quid
664 2101 899 2173 quoque
930 2100 1195 2156 amittant
1223 2101 1283 2156 in
1312 2091 1579 2172 tempore
1610 2098 1848 2158 cernere
1877 2101 2081 2175 possis,

453 2210 461 2216 ·
491 2190 831 2262 corporibus
862 2190 1050 2246 caecis
1080 2189 1249 2263 igitur
1277 2199 1483 2246 natura
1509 2191 1654 2264 gerit
1681 2208 1792 2248 res.

574 2282 705 2338 Nec
734 2293 931 2339 tamen
959 2280 1221 2356 undique
1252 2299 1537 2354 corporea
1566 2282 1775 2356 stipata
1802 2291 2075 2339 tenentur

490 2372 688 2429 omnia
715 2380 916 2428 natura
937 2393 954 2443 3
997 2389 1252 2446 namque
1283 2381 1370 2429 est
1399 2372 1458 2429 in
1486 2373 1658 2429 rebus
1687 2372 1880 2431 inane.
2212 2391 2312 2442 330

489 2461 652 2535 quod
681 2462 785 2519 tibi
813 2480 1099 2536 cognosse
1128 2464 1189 2520 in
1218 2463 1411 2520 multis
1442 2463 1547 2520 erit
1575 2463 1711 2520 utile
1740 2463 1913 2521 rebus

488 2571 600 2608 nec
629 2553 777 2609 sinet
805 2561 1094 2609 errantem
1123 2552 1387 2610 dubitare
1419 2562 1477 2610 et
1506 2571 1783 2628 quaerere
1814 2571 2049 2628 semper

488 2641 564 2699 de
594 2661 822 2700 summa
848 2661 1040 2700 rerum
1071 2651 1129 2700 et
1157 2644 1366 2701 nostris
1397 2643 1661 2702 diffidere
1692 2644 1882 2702 dietis.

491 2730 876 2810 [quapropter
902 2734 1067 2791 locus
1096 2743 1183 2790 est
1212 2735 1462 2791 intactus
1490 2735 1660 2791 inane
1690 2731 2077 2810 vacansque]

487 2823 649 2898 quod
671 2824 718 2881 si
746 2843 868 2881 non
897 2817 1071 2894 esset,¹
1098 2823 1250 2880 nulla
1278 2823 1498 2881 ratione
1530 2825 1750 2881 moveri
2211 2842 2307 2894 335

486 2934 576 2972 res
605 2926 846 2989 possent
866 2936 883 2987 ;
928 2933 1181 2988 namque
1211 2914 1470 2972 officium
1500 2914 1663 2988 quod
1693 2915 1952 2990 corporis
1982 2923 2188 2986 exstat,

488 3005 724 3062 officere
755 3015 930 3080 atque
961 3001 1209 3076 obstare,
1241 3004 1302 3062 id
1331 3007 1391 3061 in
1422 3006 1583 3062 omni
1611 3015 1876 3079 tempore
1906 3004 2140 3063 adesset

485 3097 759 3154 omnibus
781 3116 798 3168 3
845 3095 1004 3153 haud
1031 3097 1200 3171 igitur
1222 3097 1544 3170 quicquam
1573 3095 1895 3170 procedere
1924 3104 2143 3171 posset,

484 3188 838 3262 principium
866 3188 1146 3262 quoniam
1175 3186 1431 3244 cedendi
1462 3187 1618 3244 nulla
1646 3185 1811 3244 daret
1839 3205 1949 3245 res,

484 3289 544 3337 at
571 3297 728 3336 nunc
757 3296 862 3352 per
890 3278 1069 3335 maria
1095 3297 1164 3334 ac
1193 3287 1370 3335 terras
1401 3278 1764 3353 sublimaque
1792 3278 1940 3336 caeli
2208 3297 2307 3348 340

485 3369 668 3426 multa
695 3369 885 3426 modis
914 3369 1105 3425 multis
1133 3369 1288 3425 varia
1314 3370 1539 3426 ratione
1569 3370 1790 3427 moveri

485 3459 777 3516 cernimus
805 3469 938 3515 ante
967 3459 1188 3528 ocu108,
1220 3477 1390 3532 quae,
1422 3459 1469 3516 si
1498 3477 1619 3516 non
1649 3469 1801 3518 esset
1830 3460 2019 3531 inane,

486 3573 609 3613 non
636 3565 754 3611 tam
783 3556 1029 3614 sollicito
1060 3564 1222 3611 motu
1253 3556 1473 3629 privata
1500 3566 1765 3613 carerent
