2784 3992
453 326 587 397 Ν]
929 326 1039 378 DE
1102 326 1394 379 RERUM
1450 326 1794 380 NATURA
2147 330 2220 377 12
2237 332 2258 375 1

448 488 707 563 corporis
736 488 884 545 haec
912 488 1193 563 quoniam
1221 498 1530 563 penetrant
1556 507 1663 564 per
1688 508 1816 548 rara
1843 491 2118 565 cientque
2170 512 2266 563 730

376 580 381 587 '
448 589 679 637 tenvem
709 580 891 652 animi
918 589 1183 638 naturam
1213 580 1369 638 intus
1398 598 1753 656 sensumque
1783 582 2093 641 lacessunt.

448 670 773 729 Centauros
802 671 998 745 itaque
1028 680 1088 729 et
1116 671 1434 747 Scyllarum
1462 673 1726 730 membra
1755 672 2022 731 videmus

447 761 885 837 Cerbereasque
914 780 1128 819 canum
1157 762 1335 820 facies
1362 762 1788 838 simulacraque
1818 780 2024 821 eorum

447 870 696 926 quorum
724 861 911 909 morte
940 852 1100 910 obita
1128 852 1295 910 tellus
1323 853 1694 927 amplectitur
1719 870 1890 926 ossa3

446 960 621 1000 omne
650 960 835 1018 genus
865 944 1144 1017 quoniam
1172 944 1388 1018 passim
1419 942 1728 1001 simulacra
1755 944 2033 1018 feruntur,
2168 966 2260 1019 735

389 1075 399 1121 ¹.
444 1034 648 1108 partim
681 1043 893 1107 sponte
922 1052 1026 1090 sua
1053 1050 1205 1107 quae
1235 1033 1382 1090 fiunt
1409 1033 1542 1091 aere
1572 1034 1632 1091 in
1661 1034 1814 1109 ips0‚

443 1124 651 1198 partim
681 1142 833 1197 quae
861 1124 1029 1181 variis
1058 1124 1135 1182 ab
1160 1123 1335 1182 rebus
1365 1141 1621 1200 cumque
1651 1123 1941 1183 recedunt

444 1223 503 1271 et
529 1232 681 1290 quae
710 1214 975 1272 confiunt
1003 1232 1077 1271 ex
1105 1214 1314 1272 horum
1343 1214 1498 1271 facta
1524 1214 1738 1289 figuris,

442 1323 578 1362 nam
608 1314 767 1362 certe
797 1323 871 1362 ex
897 1306 1030 1362 vivo
1060 1305 1340 1363 Centauri
1368 1323 1493 1363 non
1520 1305 1586 1362 fit
1614 1304 1829 1381 imag0‚

441 1396 595 1453 nulla
621 1395 728 1453 fuit
756 1396 1037 1470 quoniam
1065 1396 1193 1453 talis
1220 1404 1428 1454 natura
1455 1396 1764 1453 animantis
1785 1417 1804 1469 3
2163 1419 2260 1468 740

441 1505 640 1544 verum
670 1487 773 1545 ubi
800 1487 938 1561 equi
966 1496 1141 1560 atque
1174 1486 1428 1544 hominis
1457 1505 1597 1544 casu
1627 1488 1903 1545 convenit
1932 1488 2146 1564 imag0‚

442 1576 726 1635 haerescit
753 1577 919 1634 facile
950 1578 1263 1652 extemplo,
1294 1576 1460 1652 quod
1488 1576 1740 1635 diximus
1768 1588 1923 1650 ante,

440 1678 678 1743 propter
704 1668 976 1726 subtilem
1004 1677 1271 1725 naturam
1301 1677 1359 1726 et
1387 1668 1584 1726 tenvia
1612 1677 1788 1726 texta.

441 1769 636 1817 cetera
662 1758 739 1817 de
767 1776 982 1833 genere
1013 1758 1129 1816 hoc
1157 1757 1368 1816 eadem
1395 1759 1621 1816 ratione
1652 1768 1938 1818 creantur.

440 1868 588 1926 quae
618 1868 755 1907 cum
784 1849 1074 1908 mobiliter
1098 1868 1328 1907 summa
1356 1850 1587 1925 levitate
1615 1850 1891 1922 feruntur,
2165 1871 2256 1924 745

440 1951 502 2000 ut
528 1942 689 2017 prius
718 1940 968 2012 ostendi,
999 1941 1165 1998 facile
1195 1959 1316 2000 uno
1346 1950 1685 1999 commovet
1712 1941 1832 1998 ictu

438 2031 735 2108 quaelibet
761 2049 880 2090 una
905 2032 1166 2089 animum
1194 2032 1368 2089 nobis
1399 2031 1621 2089 subtilis
1651 2032 1842 2107 imago
1863 2053 1882 2105 3

437 2124 623 2181 tenvis
655 2123 813 2180 enim
842 2140 1011 2180 mens
1041 2131 1130 2179 est
1157 2132 1216 2179 et
1245 2122 1389 2178 mire
1419 2122 1650 2180 mobilis
1680 2122 1824 2196 ipsa.

518 2216 693 2271 Haec
722 2214 847 2271 fieri
874 2223 939 2271 ut
966 2231 1253 2285 memor0‚
1283 2212 1451 2269 facile
1482 2213 1617 2270 hinc
1647 2231 2006 2287 cognoscere
2035 2212 2241 2288 possis,

438 2315 729 2379 quatenus
759 2305 873 2362 hoc
903 2304 1088 2362 simile
1119 2314 1207 2361 est
1234 2303 1331 2375 illi,
1363 2302 1529 2377 quod
1557 2312 1756 2361 mente
1783 2303 2052 2363 videmus
2163 2322 2259 2375 750

438 2407 611 2470 atque
644 2396 848 2467 oculiS,
878 2396 1051 2453 simili
1077 2396 1202 2453 fieri
1230 2394 1457 2453 ratione
1484 2413 1728 2453 necesse
1759 2404 1864 2453 est.

434 2504 593 2544 nunc
627 2486 798 2561 igitur
826 2485 1005 2544 docui
1034 2486 1315 2561 quoniam
1346 2504 1442 2543 me
1471 2486 1618 2543 forte
1648 2485 1884 2544 leonem

436 2595 677 2634 cernere
699 2594 805 2651 per
832 2578 1159 2649 simulacra,
1190 2577 1395 2635 oculos
1427 2594 1838 2652 quaecumque
1868 2576 2177 2648 lacessunt,

434 2668 581 2725 scire
611 2667 748 2728 lice't
774 2677 1037 2725 mentem
1062 2668 1233 2725 simili
1261 2667 1488 2725 ratione
1519 2666 1758 2739 moveri,

432 2776 542 2833 per
568 2757 877 2816 simulacra
900 2758 1135 2816 leonem
1165 2768 1224 2815 et
1252 2767 1449 2815 cetera
1476 2776 1628 2832 quae
1656 2756 1818 2816 videt
1845 2774 2037 2831 aeque
2160 2774 2252 2827 755

431 2867 546 2907 nec
578 2848 768 2907 minus
796 2858 971 2923 atque
1000 2848 1173 2921 oculi,
1202 2849 1313 2907 nisi
1341 2848 1507 2923 quod
1537 2866 1705 2923 mage
1735 2848 1932 2905 tenvia
1959 2848 2160 2906 cernit.

431 2939 801 3022 nec'ratione
830 2939 957 3010 alia,
988 2958 1123 2997 cum
1152 2958 1395 2998 somnus
1425 2939 1691 2998 membra
1717 2938 1995 3014 profudit,

434 3048 607 3088 mens
636 3030 817 3088 animi
842 3030 1055 3104 vigilat,
1085 3030 1194 3087 nisi
1223 3029 1386 3105 quod
1417 3031 1725 3088 simulacra
1752 3030 2045 3087 lacessunt

432 3120 584 3179 haec
614 3120 825 3178 eadem
853 3129 1081 3179 nostros
1111 3121 1339 3179 animos
1368 3140 1520 3196 quae
1549 3141 1686 3180 cum
1716 3120 2032 3196 vigilamuS‚

430 3230 624 3287 usque
653 3211 824 3282 ade0,
855 3222 1014 3269 certe
1045 3221 1108 3269 ut
1135 3211 1439 3270 videamur
1468 3230 1708 3270 cernere
1739 3231 1876 3270 eum
1907 3229 2086 3285 quem
2162 3215 2258 3275 760

428 3302 657 3361 rellicta
680 3302 799 3360 vita
825 3302 940 3360 iam
970 3321 1125 3361 mors
1156 3312 1215 3360 et
1242 3312 1393 3360 terra
1421 3303 1679 3377 potitast.

428 3393 551 3453 hoc
583 3393 720 3452 ideo
749 3394 873 3451 fieri
902 3394 1061 3469 cogit
1089 3402 1311 3467 natura,
1343 3392 1508 3468 quod
1538 3412 1745 3451 omnes

428 3485 697 3560 corporis
727 3484 922 3543 offecti
952 3504 1155 3544 sensus
1182 3503 1288 3560 per
1316 3484 1582 3542 membra
1609 3484 1919 3558 quiescunt

426 3594 549 3635 nec
578 3585 826 3649 possunt
852 3576 1058 3633 falsum
1085 3577 1235 3633 veris
1263 3576 1616 3633 convincere
1644 3575 1835 3633 rebuS.
