2784 3992
519 255 653 350 103s
1136 294 1602 350 LUCRETIUS
2191 293 2324 363 [lv-

507 462 555 520 is
583 479 822 536 quoque
852 459 1009 517 enim
1040 456 1263 533 duplici
1291 456 1646 531 geminoque
1676 454 1742 512 fit
1770 453 1904 513 aere
1933 454 2108 515 visuS.

505 554 725 628 primus
754 551 911 609 enim
940 551 1084 607 citra
1111 558 1311 624 postes
1340 558 1466 605 tum
1495 546 1750 603 cernitur
1776 545 1877 603 aer
2232 563 2326 616 275

505 641 645 701 inde
675 643 826 699 fores
856 642 1015 716 ipsae
1045 639 1249 697 dextra
1275 639 1555 711 laevaque
1584 645 1881 707 secuntur,

505 743 641 808 post
669 732 913 790 extraria
941 731 1040 788 lux
1067 731 1271 788 oculos
1300 737 1592 804 perterget
1620 736 1680 785 et
1706 726 1808 784 aer

505 824 649 881 alter
678 832 739 880 et
767 822 861 879 illa
888 822 1025 879 foris
1054 838 1205 895 quae
1235 837 1371 876 vere
1398 817 1868 892 transpiciuntur.

506 914 589 971 sic
618 914 720 971 ubi
750 931 811 970 se
843 912 1096 986 primum
1126 910 1347 985 speculi
1378 908 1628 984 proiecit
1657 908 1870 983 image,

508 1003 650 1060 dum
679 1003 839 1060 venit
868 1001 945 1059 ad
975 1012 1199 1060 nostras
1230 1001 1408 1072 acieS,
1444 998 1734 1074 protrudit
1763 998 1999 1074 agitque
2233 1007 2330 1056 280

505 1100 638 1151 aera
666 1093 766 1167 qui
795 1093 944 1150 inter
972 1110 1034 1151 se
1065 1100 1375 1165 cumquest
1404 1090 1728 1163 oculosque
1756 1088 2001 1164 locatus,

505 1194 565 1241 et
592 1184 728 1241 facit
757 1193 819 1241 ut
844 1182 1004 1257 prius
1033 1182 1191 1239 hunc
1219 1199 1459 1239 omnem
1488 1181 1700 1238 sentire
1729 1198 2014 1255 queamus
2087 1179 2326 1260 [ipsum,

505 1293 683 1350 quam
712 1273 1035 1349 speculum.
1066 1272 1173 1330 sed
1202 1272 1302 1329 ubi
1331 1272 1638 1346 speculum
1668 1288 1908 1346 quoque
1938 1272 2227 1331 sensimus

504 1366 786 1423 continuo
817 1383 852 1422 a
878 1363 1049 1422 nobis
1078 1363 1138 1419 in
1168 1362 1328 1419 idem
1357 1380 1509 1437 quae
1538 1362 1716 1419 fertur
1745 1361 1942 1437 imago

502 1456 765 1531 pervenit
792 1464 851 1512 et
879 1463 1108 1511 nostros
1137 1453 1342 1511 oculos
1368 1453 1587 1510 reiecta
1611 1451 1806 1509 revisit
2231 1462 2324 1525 285

502 1555 678 1621 atque
708 1545 883 1603 alium
913 1562 1051 1620 prae
1082 1562 1145 1601 se
1174 1544 1508 1618 propellens
1535 1546 1671 1601 aeta
1696 1541 1874 1600 volvit

503 1647 562 1695 et
589 1637 726 1695 facit
754 1646 817 1693 ut
844 1636 1005 1711 prius
1033 1635 1191 1691 hunc
1222 1651 1401 1708 quam
1429 1650 1493 1691 se
1523 1632 1846 1706 videamuS,
1876 1650 2069 1707 eoque

502 1726 715 1785 distare
745 1727 819 1785 ab
848 1725 1090 1801 speculo
1120 1735 1345 1782 tantum
1375 1733 1604 1781 semota
1629 1721 1876 1781 videtur.

503 1836 681 1893 quare
711 1817 886 1875 etiam
914 1826 1090 1892 atque
1121 1816 1297 1873 etiam
1327 1814 1569 1872 minime
1599 1814 1858 1871 mirarier
1885 1823 1974 1872 est
2001 1832 2124 1889 par,

502 1909 615 1966 illic
644 1927 793 1984 quor
818 1906 1068 1965 reddant
1097 1906 1470 1981 speculorum
1500 1923 1573 1962 ex
1601 1922 1857 1979 aequore
1886 1905 2091 1978 visum,
2231 1925 2327 1978 ²90

503 2000 730 2058 a'e’ribus
758 1999 909 2057 binis
939 1998 1216 2072 quoniam
1246 2015 1337 2053 res
1368 1996 1552 2053 confit
1581 2005 1843 2069 utraque.

503 2108 661 2147 nunc
691 2108 762 2146 ea
789 2107 939 2163 quae
971 2088 1139 2145 nobis
1170 2087 1568 2144 membrorum
1597 2085 1840 2144 dextera
1867 2104 2000 2161 pars
2029 2096 2134 2158 est,

502 2181 563 2237 in
590 2180 839 2255 speculis
866 2179 932 2237 fit
960 2187 1023 2234 ut
1050 2177 1109 2234 in
1138 2178 1301 2234 laeva
1328 2176 1593 2234 videatur
1620 2193 1696 2235 eo
1724 2176 1889 2251 quod

503 2270 801 2345 planitiem
831 2267 907 2326 ad
936 2268 1161 2342 speculi
1189 2268 1433 2325 veniens
1462 2286 1600 2325 cum
1629 2266 1876 2325 offendit
1905 2267 2119 2343 imag0,

503 2378 625 2418 non
654 2359 1007 2418 convertitur
1033 2358 1360 2430 incolumis,
1390 2357 1500 2416 sed
1527 2368 1687 2417 recta
1713 2368 2025 2417 retrorsum
2223 2377 2317 2433 295

502 2451 586 2508 sic
616 2450 862 2521 eliditur,
893 2458 957 2507 ut
986 2449 1181 2523 siquis,
1212 2449 1371 2524 prius
1401 2448 1565 2507 arida
1591 2467 1769 2525 quam
1797 2449 1870 2507 sit

502 2551 697 2599 cretea
720 2558 990 2614 persona,
1021 2539 1241 2598 adlidat
1269 2540 1496 2615 pilaeve
1525 2541 1761 2612 trabive‚

503 2641 676 2706 atque
706 2650 776 2689 ea
804 2630 1086 2689 continuo
1115 2641 1335 2689 rectam
1364 2632 1413 2689 si
1442 2631 1631 2691 fronte
1660 2631 1903 2706 figuram

504 2731 689 2779 servet
719 2730 777 2779 et
805 2722 1005 2779 elisam
1034 2726 1194 2780 retro'
1217 2741 1346 2780 sese
1376 2722 1663 2797 exprimat
1689 2722 1832 2797 ipsa.

504 2813 603 2869 fiet
630 2813 727 2884 ita,
758 2822 893 2870 ante
924 2813 1128 2870 oculus
1158 2813 1327 2870 fuerit
1357 2813 1458 2887 qui
1488 2812 1710 2884 dexter,
1739 2822 1805 2870 ut
1833 2810 1992 2870 idem
2221 2831 2322 2882 300

504 2921 661 2959 nunc
691 2902 763 2960 sit
788 2903 1004 2973 laevus,
1026 2912 1085 2960 et
1113 2922 1145 2960 e
1174 2904 1339 2960 laevo
1367 2904 1440 2960 sit
1468 2914 1670 2961 mutua
1697 2903 1917 2962 dexter.

502 2993 567 3051 fit
596 3011 832 3067 quoque
863 2993 937 3050 de
968 2994 1208 3068 speculo
1238 2994 1297 3051 in
1326 2995 1628 3068 speculum
1660 3004 1722 3051 ut
1750 2993 2007 3052 tradatur
2033 2993 2244 3069 imag0,

503 3084 763 3159 quinque
793 3086 968 3141 etiam
998 3102 1170 3142 sexve
1201 3094 1264 3141 ut
1292 3084 1414 3141 fieri
1443 3085 1747 3142 simulacra
1774 3086 2006 3145 suerint.

502 3193 641 3231 nam
669 3193 1077 3249 quaecumque
1107 3185 1260 3233 retro
1288 3185 1451 3250 parte
1483 3176 1752 3234 interiore
1781 3175 2058 3246 latebunt,

504 3265 643 3322 inde
673 3276 890 3336 tamen,
922 3266 1186 3339 quamvis
1214 3275 1363 3323 torte
1393 3267 1743 3341 penitusque
1773 3276 2015 3337 remota,
2219 3285 2318 3337 305

505 3356 706 3413 omnia
733 3374 840 3431 per
866 3355 1049 3413 flexos
1077 3356 1269 3414 aditus
1298 3355 1514 3414 educta
1540 3358 1741 3417 licebit

505 3447 764 3522 pluribus
794 3446 940 3504 haec
970 3448 1219 3521 speculis
1246 3447 1554 3505 videantur
1580 3448 1640 3505 in
1668 3447 1913 3506 aedibus
1941 3465 2086 3506 esse.

429 3568 443 3581 x
506 3556 691 3613 usque
722 3538 874 3596 adeo
903 3538 1142 3613 speculo
1172 3538 1231 3595 in
1260 3538 1564 3612 speculum
1595 3539 1905 3596 translucet
1934 3539 2146 3612 image,
