2784 3992
491 323 593 398 11.]
968 326 1076 378 DE
1128 326 1420 379 RERUM
1471 325 1815 380 NATURA
2215 325 2290 392 55

484 505 619 545 nam
646 486 825 546 veluti
852 495 977 545 tota
1002 495 1207 546 natura
1234 486 1540 547 dissimiles
1568 497 1702 547 sunt
2197 509 2294 557 720

484 578 630 637 inter
656 596 718 636 se
746 578 977 653 genitae
1005 596 1096 636 res
1124 596 1412 654 quaeque,
1444 580 1524 637 ita
1550 597 1848 655 quamque
1877 589 2176 640 necessest

483 669 743 727 dissimili
772 678 1039 728 constare
1068 669 1250 744 figura
1276 670 1697 744 principiorum
1719 691 1736 742 ;

482 778 602 817 non
632 778 753 834 quo
782 760 965 818 multa
990 778 1197 835 parum
1226 761 1395 818 simili
1425 761 1540 819 sint
1567 760 1833 835 praedita
1859 761 2063 834 forma,

483 850 588 909 sed
616 851 754 925 quia
781 869 902 909 non
928 851 1100 925 volgo
1127 852 1289 926 paria
1314 852 1587 910 omnibus
1616 852 1816 910 omnia
1843 862 2130 911 constant.

483 942 705 999 semina
731 959 869 998 cum
896 958 1072 1016 porro
1102 939 1337 1013 distent,
1369 942 1596 1000 differre
1626 953 1927 1002 necessust
2196 961 2288 1015 725

482 1032 775 1089 intervalla
800 1032 920 1089 vias
954 1049 1217 1090 conexus
1245 1032 1511 1107 pondera
1537 1034 1736 1108 plagas

483 1139 800 1179 concursus
830 1131 1042 1194 motuS‚
1074 1140 1225 1197 quae
1255 1141 1377 1181 non
1406 1124 1676 1182 animalia
1702 1124 1892 1183 solum

484 1230 733 1288 corpora
758 1213 1085 1289 seiungunt,
1115 1212 1221 1272 sed
1248 1224 1425 1273 terras
1453 1232 1524 1272 ac
1554 1233 1712 1273 mare
1741 1224 1932 1273 totum

484 1313 794 1361 secernunt
822 1304 1166 1379 caelumque
1195 1324 1231 1362 a
1257 1305 1420 1363 terris
1450 1323 1626 1363 omne
1655 1314 1964 1365 retentant.

566 1395 623 1451 N
628 1412 745 1452 unc
772 1412 879 1471 age
911 1395 1069 1453 dicta
1096 1412 1232 1454 meo
1262 1394 1420 1453 dulci
1449 1396 1710 1469 quaesita
1738 1396 1934 1455 labore
2199 1416 2294 1466 730

483 1485 742 1561 percipe,
762 1504 839 1543 ne
867 1486 1014 1544 forte
1043 1486 1189 1544 haec
1216 1486 1360 1545 albis
1388 1504 1464 1543 ex
1491 1487 1620 1545 alba
1646 1486 1820 1544 rearis

484 1576 783 1652 principiis
810 1594 955 1646 esse,
988 1585 1123 1634 ante
1152 1576 1355 1635 oculos
1385 1594 1536 1651 quae
1567 1576 1820 1634 candida
1848 1576 2054 1649 cernis,

484 1675 584 1724 aut
612 1684 685 1725 ea
709 1685 861 1743 quae
889 1668 1117 1742 nigrant
1144 1668 1309 1743 nigro
1340 1666 1418 1726 de
1449 1667 1673 1725 semine
1703 1676 1841 1725 nata
1860 1688 1878 1740 ;

485 1756 617 1814 nive
644 1757 822 1816 alium
844 1758 1107 1833 quemvis
1136 1776 1286 1832 quae
1316 1766 1452 1815 sunt
1478 1758 1678 1815 inbuta
1706 1758 1986 1830 colorem,

485 1860 795 1926 propterea
820 1867 1020 1924 gerere
1048 1849 1205 1906 hunc
1234 1847 1458 1920 credas,
1491 1847 1655 1922 quod
1683 1848 1942 1906 materiai
2197 1865 2289 1919 735

485 1956 735 2015 corpora
761 1939 1049 1997 consimili
1078 1939 1190 1997 sint
1219 1939 1341 1996 eius
1370 1939 1554 1996 tincta
1580 1939 1794 1997 colore.

484 2030 673 2089 nullus
703 2030 861 2088 enim
890 2029 1052 2087 color
1078 2039 1167 2087 est
1194 2030 1441 2088 omnino
1470 2029 1730 2087 materiai

486 2122 844 2196 corporibus,
867 2138 1060 2195 neque
1088 2138 1195 2196 par
1219 2120 1391 2201 rebus
1421 2137 1614 2194 neque
1644 2118 1902 2194 denique
1933 2119 2141 2197 dispar.

486 2211 546 2269 in
575 2230 727 2286 quae
757 2229 1003 2287 corpora
1030 2212 1076 2269 si
1106 2211 1293 2269 nullus
1322 2210 1428 2269 tibi
1455 2210 1601 2270 forte
1631 2209 1860 2268 videtur

486 2320 659 2377 posse
690 2302 869 2361 animi
898 2302 1143 2359 iniectus
1173 2302 1314 2373 fieri,
1345 2301 1552 2376 procul
1579 2301 1739 2358 avius
1769 2318 1941 2358 erras.
2201 2321 2296 2368 740

487 2411 622 2451 nam
650 2411 789 2451 cum
818 2392 1135 2467 caecigeni,
1167 2392 1301 2450 solis
1332 2392 1432 2466 qui
1461 2392 1679 2448 lumina
1707 2409 2031 2465 numquam

488 2482 815 2559 dispexere,
847 2493 1045 2541 tamen
1074 2492 1437 2558 cognoscant
1466 2499 1715 2557 corpora
1742 2490 1919 2553 tactu,

488 2592 559 2631 ex
589 2575 827 2633 ineunte
854 2590 1000 2631 aevo
1029 2573 1187 2631 nullo
1218 2573 1532 2631 coniuncta
1561 2573 1776 2643 colore,

488 2666 633 2723 scire
662 2665 801 2723 licet
827 2674 1059 2723 nostrae
1088 2681 1324 2739 quoque
1354 2664 1539 2721 menti
1567 2680 1814 2738 corpora
1842 2680 2017 2737 posse

485 2756 633 2813 vorti
660 2756 721 2812 in
751 2755 1017 2812 notitiam
1044 2754 1206 2813 nullo
1235 2755 1457 2812 circum
1486 2755 1585 2811 lita
1612 2753 1767 2811 fuco.

487 2844 745 2920 denique
776 2863 885 2903 nos
914 2845 1025 2921 ipsi
1052 2845 1243 2903 caecis
1274 2862 1682 2919 quaecumque
1715 2844 1968 2916 tenebris
2201 2863 2294 2915 745

486 2937 796 3011 tangimuS‚
828 2934 985 2993 haud
1013 2936 1130 2993 ullo
1160 2936 1441 2993 sentimus
1471 2936 1652 2992 tincta
1681 2934 1896 2991 colore.

488 3026 652 3101 quod
680 3026 960 3101 quoniam
986 3026 1162 3084 vinco
1188 3026 1331 3098 fieri,
1361 3044 1520 3083 nunc
1551 3042 1676 3083 esse
1707 3024 1940 3083 docebo

488 3207 681 3265 omnis
710 3207 869 3264 enim
898 3208 1060 3265 color
1086 3207 1328 3267 omnino
1358 3216 1612 3265 mutatur
1639 3207 1698 3263 in
1728 3206 1925 3265 omnis
1940 3225 1958 3278 3

489 3296 655 3373 quod
682 3297 874 3356 facere
904 3297 1063 3356 haud
1090 3299 1208 3356 ullo
1237 3297 1458 3356 debent
1484 3296 1802 3371 primordia
1827 3305 2005 3372 pacto
2027 3315 2045 3367 3
2204 3312 2300 3364 750

490 3388 853 3447 immutabile
883 3389 1040 3447 enim
1070 3387 1355 3464 quiddam
1384 3406 1656 3462 superare
1686 3395 1999 3459 necessest,

489 3496 568 3537 ne
596 3496 689 3536 res
718 3479 796 3537 ad
824 3480 1005 3537 nilum
1032 3479 1365 3555 redigantur
1392 3478 1649 3536 funditus
1679 3496 1901 3536 omnes.

489 3588 631 3628 nam
662 3568 1083 3646 quodcumque
1112 3570 1229 3629 suis
1257 3578 1542 3628 mutatum
1571 3569 1782 3627 finibus
1812 3568 1949 3641 exit,
