2784 3992
536 323 632 394 V.]
1018 324 1127 376 DE
1180 324 1474 377 RERUM
1531 324 1874 378 NATURA
2228 324 2344 390 147

534 482 695 559 quod
723 485 771 544 si
800 484 948 542 forte
976 484 1151 541 fiiisse
1179 485 1429 552 antehac
1459 484 1669 542 eadem
1699 486 1900 543 omnia
1926 484 2136 557 crediS,

534 573 637 632 sed
664 574 904 650 periisse
932 574 1237 632 hominum
1267 576 1507 633 torrenti
1537 576 1728 632 saecla
1753 593 1990 651 vapore,

531 673 629 721 aut
656 663 941 722 cecidisse
971 664 1126 723 urbis
1156 683 1371 739 magno
1399 666 1704 723 vexamine
1735 666 1960 739 mundi,
2248 684 2345 736 340

531 765 628 812 aut
656 773 732 813 ex
760 755 1039 814 imbribus
1068 755 1328 813 adsiduis
1357 757 1545 814 exisse
1573 774 1815 831 rapaces

529 862 634 920 per
660 855 838 902 terras
866 864 1068 903 amnes
1096 856 1272 920 atque
1303 846 1528 921 oppida
1555 847 1950 922 cooperuisse,

530 944 691 993 tanto
720 936 939 1010 quique
970 936 1152 1011 magis
1181 937 1369 994 victus
1399 937 1614 995 fateare
1644 947 1942 996 necessest

530 1025 769 1083 exitium
798 1043 1035 1101 quoque
1064 1036 1343 1084 terrarum
1372 1027 1638 1121 caelique
1669 1028 1940 1086 futurum.

528 1134 665 1174 nam
692 1135 831 1173 cum
860 1135 951 1175 res
978 1117 1154 1176 tantis
1184 1118 1402 1176 morbis
1431 1119 1720 1193 tantisque
1749 1119 1979 1193 periclis
2247 1136 2341 1189 345

530 1215 965 1281 temptarentur‚
995 1207 1078 1267 ibi
1104 1208 1154 1265 si
1182 1208 1395 1266 tristior
1425 1208 1781 1266 incubuisset
2167 1224 2189 1231 ·

530 1314 719 1368 causa,
750 1296 958 1355 darent
984 1298 1099 1357 late
1127 1298 1359 1357 cladem
1386 1316 1746 1373 magnasque
1775 1299 1989 1357 ruinas.

527 1405 639 1445 nec
669 1388 893 1446 ratione
923 1388 1033 1446 alia
1063 1389 1335 1448 mortales
1363 1407 1491 1447 esse
1519 1389 1803 1461 videmur,

529 1477 676 1536 inter
702 1497 812 1537 nos
842 1479 950 1537 nisi
978 1479 1143 1554 quod
1170 1479 1389 1539 morbis
1417 1466 1807 1555 aegrescimus
1835 1479 2023 1537 isdem

530 1577 703 1644 atque
732 1570 812 1627 illi
841 1587 991 1644 quos
1017 1589 1056 1628 a
1081 1570 1199 1628 vita
1224 1580 1431 1628 natura
1457 1571 1722 1628 removit.
2246 1588 2276 1639 3
2280 1586 2448 1653 50⁴3:-

609 1662 915 1719 Praeterea
940 1678 1348 1736 quaecumque
1376 1670 1618 1718 manent
1646 1670 1883 1718 aeterna
1911 1666 2218 1718 necessust

528 1760 643 1822 aut,
674 1752 813 1826 quia
840 1760 974 1809 sunt
1002 1751 1193 1809 solido
1221 1770 1357 1808 cum
1388 1769 1654 1826 corpore,
1685 1768 1956 1825 respuere
1986 1751 2136 1809 ictus

528 1860 638 1900 nec
665 1851 971 1917 penetrare
997 1842 1121 1917 pati
1149 1842 1257 1900 sibi
1286 1842 1608 1916 quicquam
1639 1840 1803 1915 quod
1830 1850 2008 1916 queat
2035 1849 2186 1899 artas

526 1931 841 1991 dissociare
871 1932 1025 1991 intus
1054 1932 1248 2007 partis,
1281 1941 1344 1989 ut
1373 1931 1632 1990 materiai

528 2040 776 2099 corpora
799 2032 936 2081 sunt
961 2040 1211 2098 quorum
1239 2032 1506 2081 naturam
1534 2022 1898 2081 ostendimus
1928 2030 2083 2094 ante,
2246 2038 2339 2092 355

526 2124 624 2171 aut
651 2113 796 2172 ideo
826 2112 1033 2171 durare
1062 2122 1316 2171 aetatem
1345 2131 1518 2187 posse
1548 2130 1653 2188 per
1682 2131 1940 2186 omnem,
2126 2120 2134 2127 '

527 2205 823 2279 plagarum
852 2204 991 2279 quia
1018 2214 1151 2261 sunt
1180 2204 1459 2279 expertia,
1491 2204 1639 2262 sicut
1668 2204 1840 2262 inane
1870 2213 1958 2261 est

526 2295 689 2369 quod
717 2305 916 2353 manet
945 2296 1223 2352 intactum
1254 2312 1449 2369 neque
1479 2296 1553 2353 ab
1582 2295 1700 2351 ictu
1732 2294 1984 2369 fungitur
2013 2293 2212 2365 hilum,

526 2395 623 2442 aut
651 2386 829 2444 etiam
857 2385 997 2459 quia
1021 2384 1178 2442 nulla
1206 2385 1319 2442 loci
1350 2385 1414 2441 fit
1436 2386 1612 2459 copia
1639 2385 1879 2456 circum,

526 2494 643 2551 quo
672 2476 835 2550 quasi
864 2494 955 2533 res
984 2475 1211 2549 possint
1240 2473 1543 2531 discedere
1575 2474 1950 2549 dissoluique,
2235 2480 2337 2543 360

530 2566 676 2624 sicut
704 2584 1063 2623 summarum
1092 2584 1321 2622 summa
1349 2574 1439 2622 est
1466 2574 1703 2621 aeterna
1729 2583 1924 2639 neque
1955 2574 2117 2622 extra

531 2658 629 2732 qui
657 2658 822 2715 locus
851 2666 941 2714 est
968 2674 1089 2731 quo
1118 2655 1400 2713 dissiliant
1429 2673 1621 2729 neque
1651 2673 1900 2729 corpora
1927 2665 2062 2713 sunt
2090 2672 2241 2729 quae

528 2748 751 2821 possint
781 2746 1039 2805 incidere
1069 2756 1129 2805 et
1156 2745 1349 2803 valida
1375 2745 1690 2804 dissolvere
1718 2746 1904 2821 plaga.

528 2847 585 2894 at
612 2854 827 2912 neque,
858 2836 941 2894 uti
971 2836 1168 2907 docui,
1199 2835 1389 2894 solido
1421 2855 1556 2893 cum
1585 2854 1834 2911 corpore
1865 2833 2072 2894 mundi

526 2938 795 2998 naturast,
823 2928 1104 3003 quoniam
1131 2927 1510 2985 admixtumst
1539 2927 1600 2985 in
1628 2928 1798 2985 rebus
1828 2928 2018 2998 inane,
2239 2932 2334 2997 365

526 3036 636 3076 nec
665 3031 866 3076 tamen
893 3027 983 3076 est
1010 3028 1073 3076 ut
1101 3018 1292 3089 inane,
1322 3036 1518 3093 neque
1547 3026 1742 3075 autem
1774 3035 2023 3091 corpora
2050 3016 2283 3087 desunt,

526 3127 601 3167 ex
627 3109 856 3167 infinito
885 3116 1037 3191 quae
1066 3109 1293 3183 possint
1320 3110 1468 3166 forte
1498 3118 1705 3169 coorta

525 3216 794 3257 corruere
824 3193 983 3257 hanc'
1004 3216 1197 3256 rerum
1226 3200 1483 3257 violento
1514 3199 1742 3257 turbine
1771 3216 2064 3256 summam

524 3299 624 3347 aut
651 3284 821 3347 aliam
850 3290 1115 3364 quamvis
1144 3288 1373 3347 cladem
1405 3290 1696 3364 inportare
1724 3288 1943 3365 pericli,

526 3399 635 3439 nec
664 3398 840 3455 porro
867 3389 1075 3437 natura
1101 3380 1217 3438 loci
1248 3380 1619 3455 spatiumque
1649 3378 1923 3455 profundi
2242 3396 2336 3447 370

526 3471 742 3542 deficit,
772 3471 1037 3546 exspargi
1067 3489 1187 3545 quo
1217 3471 1443 3545 possint
1472 3471 1709 3529 moenia
1736 3468 1960 3542 mundi,

525 3571 624 3621 aut
650 3562 762 3620 alia
788 3562 989 3639 quavis
1019 3571 1265 3637 possunt
1290 3562 1343 3619 vi
1374 3562 1541 3635 pulsa
1571 3562 1778 3636 perire.

2629 3378 2704 3671 ΑΑι
