2784 3992
531 325 636 397 v.]
1014 326 1124 378 DE
1178 326 1472 403 RERUM
1527 326 1872 378 NATURA

527 504 899 561 nequaquam
928 486 1097 544 nobis
1127 486 1400 543 divinitus
1428 503 1554 543 esse
1586 494 1847 559 paratam

527 586 790 635 naturam
818 595 1007 633 rerum
1035 599 1046 633 :
1094 586 1252 633 tanta
1280 586 1391 633 stat
1419 575 1683 651 praedita
1709 575 1902 651 culpa.

525 668 811 742 principio
842 677 1126 741 quantum
1155 666 1301 724 caeli
1329 666 1472 741 tegit
1502 666 1754 741 impetus
1783 667 2008 741 ingenS‚

525 756 661 815 inde
690 757 879 815 avidei
906 768 1132 832 partem
1163 750 1394 815 montes
1424 757 1716 831 silvaeque
1746 758 1996 817 ferarum

524 848 859 923 possedere,
891 858 1093 906 tenent
1120 866 1295 922 rupes
1312 842 1638 922 'vastaeque
1667 847 1914 923 paludes

524 948 582 996 et
610 936 771 997 mare
796 938 961 1013 quod
990 939 1104 996 late
1133 948 1414 997 terrarum
1444 937 1682 996 distinet
1710 958 1858 998 oras,

522 1027 661 1086 inde
691 1029 836 1103 duas
871 1047 1045 1105 porro
1074 1047 1261 1105 prope
1291 1028 1471 1103 partis
1500 1028 1752 1087 fervidus
1780 1028 1955 1088 ardor

522 1118 917 1195 adsiduusque
946 1120 1060 1195 geli
1088 1138 1255 1177 casus
1285 1120 1622 1177 mortalibus
1651 1120 1852 1178 aufert.

521 1210 683 1284 quod
713 1220 978 1286 superest
1002 1211 1141 1282 arvi,
1172 1219 1370 1267 tamen
1400 1209 1461 1267 id
1488 1220 1694 1268 natura
1721 1228 1828 1267 sua
1852 1210 1910 1268 vi

525 1301 787 1360 sentibus
816 1301 1093 1371 obducat,
1123 1300 1185 1357 ni
1214 1300 1299 1359 vis
1329 1301 1584 1358 humana
1609 1301 1834 1359 resistat

519 1392 655 1449 vitai
682 1411 857 1450 causa
885 1391 1077 1449 valido
1105 1402 1391 1450 consueta
1417 1392 1643 1451 bidenti
1702 1397 1709 1402 '

520 1482 815 1557 ingemere
844 1493 905 1539 et
932 1492 1144 1539 terram
1170 1483 1383 1557 pressis
1412 1482 1790 1557 proscindere
1821 1482 2034 1540 aratris.

518 1571 565 1629 si
593 1591 713 1631 non
743 1572 1027 1630 fecundas
1055 1582 1345 1632 vertentes
1373 1592 1611 1632 vomere
1641 1574 1840 1648 glebas

518 1664 801 1738 terraique
831 1664 1020 1721 solum
1050 1664 1383 1740 subigentes
1412 1664 1600 1721 cimus
1630 1663 1708 1722 ad
1736 1672 1915 1735 ortuS,

516 1764 727 1828 sponte
756 1773 861 1811 sua
887 1765 1183 1829 nequeant
1208 1753 1460 1830 liquidas
1489 1755 1734 1812 existere
1764 1753 1824 1811 in
1853 1772 2040 1828 auras,

516 1853 577 1901 et
603 1853 801 1902 tamen
829 1845 1119 1903 interdum
1149 1864 1363 1921 magno
1392 1845 1656 1920 quaesita
1683 1844 1882 1903 labore

517 1954 654 1992 cum
683 1935 797 1993 iam
826 1955 931 2011 per
957 1946 1135 1994 terras
1165 1936 1438 1994 frondent
1467 1946 1642 2011 atque
1673 1936 1872 1998 omnia
1901 1936 2126 2007 florent,

517 2036 617 2083 aut
643 2027 835 2084 nimiis
863 2036 1039 2084 torret
1068 2027 1387 2085 fervoribus
1419 2026 1708 2083 aetherius
1737 2026 1825 2083 sol

518 2126 619 2175 aut
645 2118 817 2176 subiti
845 2128 1156 2193 peremunt
1184 2117 1382 2175 imbris
1411 2116 1755 2193 gelidaeque
1785 2116 2046 2192 pruinae,

519 2206 811 2283 flabraque
842 2218 1148 2266 ventorum
1179 2208 1437 2266 violento
1467 2208 1694 2265 turbine
1723 2217 1953 2265 vexant.

518 2308 817 2373 praeterea
842 2318 1027 2375 genus
1057 2298 1399 2357 horriferum
1429 2307 1635 2355 natura
1661 2298 1910 2355 ferarum

518 2388 806 2448 humanae
840 2390 1003 2466 genti
1031 2389 1303 2448 infestum
1332 2399 1599 2463 terraque
1631 2389 1897 2463 marique

518 2499 621 2537 cur
646 2480 744 2538 alit
770 2491 945 2555 atque
974 2470 1191 2556 auget?
1230 2499 1337 2537 cur
1364 2480 1502 2537 anni
1530 2477 1798 2555 tempora
1826 2479 2063 2537 morbos

517 2570 869 2645 adportant?
901 2589 1080 2645 quare
1109 2589 1266 2628 mors
1295 2570 1584 2627 inmatura
1611 2572 1889 2645 vagatur?

516 2670 639 2718 tum
666 2680 842 2736 porro
871 2680 1032 2737 puer,
1064 2670 1127 2719 ut
1154 2661 1339 2719 saevis
1367 2663 1662 2735 proiectus
1691 2662 1766 2719 ab
1795 2659 1968 2717 undis

518 2752 724 2823 navita,
755 2751 947 2811 nudus
977 2752 1140 2809 humi
1170 2752 1339 2822 iacet,
1370 2752 1578 2822 insanS‚
1611 2750 1840 2825 indigus
1869 2750 2033 2807 omni

516 2843 669 2901 vitali
698 2844 929 2915 auxiliO,
959 2863 1096 2902 cum
1128 2844 1379 2918 primum
1410 2843 1467 2900 in
1497 2843 1728 2900 luminis
1758 2861 1888 2900 oras

517 2934 743 2991 nixibus
771 2952 845 2991 ex
872 2934 1001 2991 alvo
1032 2934 1227 2991 matris
1257 2943 1463 2991 natura
1491 2932 1766 3007 profudit,

516 3024 823 3099 vagituque
852 3024 1048 3081 locum
1077 3024 1302 3099 lugubri
1331 3024 1606 3097 complet,
1641 3032 1701 3080 ut
1730 3031 1994 3080 aecumst

516 3114 608 3170 cui
638 3124 862 3171 tantum
892 3115 950 3171 in
981 3115 1095 3171 vita
1122 3124 1298 3171 restet
1327 3114 1565 3171 transire
1597 3114 1898 3170 malorum.

516 3213 575 3261 at
603 3205 790 3262 variae
818 3216 1090 3261 crescunt
1118 3204 1379 3279 pecudes
1411 3216 1672 3261 armenta
1701 3204 1974 3277 feraeque

515 3313 627 3353 nec
656 3295 1020 3369 crepitacillis
1049 3314 1198 3369 opus
1228 3304 1315 3352 est
1344 3313 1456 3352 nec
1487 3294 1763 3367 cuiquam
1791 3292 2182 3351 adhibendast

513 3385 701 3443 almae
730 3386 969 3444 nutricis
996 3384 1212 3444 blanda
1240 3395 1415 3459 atque
1446 3384 1688 3441 infracta
1714 3383 1968 3458 loquella

517 3494 629 3533 nec
656 3475 836 3533 varias
864 3485 1150 3549 quaerunt
1179 3484 1367 3533 vestes
1397 3493 1504 3549 pro
1533 3484 1798 3548 ternpore
1828 3472 1993 3543 caeli,

514 3565 771 3641 denique
800 3584 921 3624 non
950 3566 1122 3624 armis
1152 3584 1301 3641 opus
1331 3575 1438 3638 est,
1469 3585 1592 3623 non
1619 3564 1930 3622 moenibus
1958 3563 2103 3634 altis,

2227 330 2344 393 143

2250 690 2346 725 200

2242 1138 2336 1192 205

2243 1594 2340 1629 210

2241 2041 2332 2095 215

2239 2500 2334 2534 220

2235 2951 2326 3003 225

2237 3403 2329 3452 230
