2784 3992
473 316 596 377 208
1140 325 1603 379 LUCRETIUS
2147 324 2275 397 [Vl.

468 489 530 545 in
558 506 806 546 vacuum
835 487 1105 562 prolapsa
1132 484 1352 543 cadunt
1380 484 1713 556 coniuncta,
1744 484 1809 542 fit
1836 495 2017 561 utque

471 579 675 636 anulus
704 579 829 653 ipse
855 587 1134 652 sequatur
1159 586 1371 650 eatque
1403 577 1483 633 ita
1510 594 1757 652 corpore
1787 585 1933 636 toto.

471 687 584 727 nec
614 686 704 726 res
732 669 847 726 ulla
874 668 1055 742 magis
1085 668 1434 743 primoribus
1463 684 1537 725 ex
1566 667 1867 725 elementis

470 758 821 833 indupedita
848 759 964 816 suis
993 768 1113 815 arte
1143 776 1370 815 conexa
1399 758 1677 815 cohaeret
2161 778 2291 814 1010

469 869 645 925 quam
674 848 848 907 validi
875 850 1004 906 ferri
1033 858 1236 905 natura
1265 858 1324 906 et
1351 847 1591 923 frigidus
1621 847 1840 905 horror.

468 958 588 1014 quo
616 940 808 997 minus
839 949 926 997 est
953 940 1182 1009 mirum,
1214 938 1377 1013 quod
1409 938 1565 1009 dim,
1595 938 1725 996 ibus
1754 956 1827 995 ex
1856 940 2179 1013 elementiS‚

469 1048 716 1104 corpora
745 1030 792 1088 si
820 1038 1122 1104 nequeunt
1151 1047 1184 1085 e
1214 1030 1362 1086 ferro
1391 1030 1557 1103 plura
1584 1039 1790 1087 coorta

467 1120 530 1178 in
554 1139 806 1177 vacuum
834 1120 982 1190 ferri,
1011 1120 1154 1194 quin
1183 1120 1388 1176 anulus
1418 1120 1543 1194 ipse
1572 1129 1848 1194 sequatur
1867 1140 1885 1191 3

469 1210 634 1286 quod
664 1211 817 1281 facit,
849 1220 908 1267 et
937 1210 1212 1283 sequitur,
1244 1210 1439 1267 donec
1469 1211 1733 1285 pervenit
1759 1210 1838 1269 ad
1868 1210 2060 1285 ipsum
2160 1228 2287 1283 1015

468 1301 584 1358 iam
612 1300 866 1376 lapidem
895 1302 1204 1374 caecisque
1234 1300 1293 1357 in
1323 1319 1397 1359 eo
1426 1302 1810 1377 compagibus
1840 1301 2043 1360 haesit.

471 1391 586 1449 hoc
613 1392 679 1449 fit
706 1390 864 1449 idem
896 1400 1136 1449 cunctas
1165 1391 1226 1448 in
1254 1391 1450 1465 partis,
1483 1392 1640 1449 unde
1670 1392 1882 1449 vacefit

469 1478 727 1556 cumque
755 1486 938 1553 locuS‚
969 1482 1086 1539 sive
1118 1500 1151 1539 e
1180 1491 1505 1539 transverso
1534 1482 1655 1547 sive
1684 1500 1937 1557 superne

470 1591 721 1647 corpora
748 1573 1028 1631 continuo
1058 1573 1118 1629 in
1146 1590 1397 1630 vacuum
1425 1573 1617 1629 vicina
1645 1574 1937 1630 feruntur..

471 1664 691 1738 quippe
722 1664 1009 1738 agitantur
1036 1663 1192 1719 enim
1223 1663 1406 1738 plagis
1435 1662 1669 1720 aliunde
1699 1681 1812 1721 nec
1841 1663 1968 1738 ipsa
2162 1684 2294 1720 1020

470 1764 681 1829 sponte
711 1772 816 1811 sua
843 1772 1066 1812 sursum
1096 1762 1341 1827 possunt
1373 1772 1725 1828 consurgere
1755 1754 1812 1810 in
1843 1770 2027 1819 auras,

471 1846 585 1901 huc
614 1844 846 1903 accedit
873 1844 1014 1901 item
1054 1844 1261 1918 (quare
1291 1854 1469 1918 queat
1498 1842 1560 1901 id
1588 1844 1772 1919 magis
1802 1862 1949 1915 esse,

472 1935 617 1992 haec
645 1953 883 2009 quoque
912 1953 1003 1991 res
1031 1933 1374 1992 adiumento
1407 1944 1689 2009 motuque
1717 1935 1969 2010 iuvatur)

473 2025 653 2101 quod,
684 2027 852 2083 simul
881 2044 916 2081 a
943 2025 1131 2082 fronte
1162 2034 1250 2083 est
1277 2026 1447 2082 anelli
1478 2025 1656 2083 rarior
1682 2028 1783 2083 a'er

471 2118 657 2174 factus
687 2116 1054 2189 inanitusque
1083 2115 1246 2173 locus
1277 2116 1461 2190 magis
1489 2134 1559 2173 ac
1587 2126 1884 2188 vacuatus,
2163 2134 2289 2189 1025

472 2208 753 2265 continuo
784 2207 849 2263 fit
876 2206 960 2263 uti
988 2206 1089 2281 qui
1118 2216 1251 2281 post
1282 2217 1370 2264 est
1398 2224 1653 2281 cumque
1683 2207 1908 2265 locatus

472 2298 571 2356 aer
598 2316 635 2355 a
661 2307 824 2373 tergo
855 2298 1017 2371 quasi
1047 2298 1329 2372 provehat
1356 2307 1534 2371 atque
1563 2299 1865 2373 propellat.

473 2406 707 2464 semper
735 2388 890 2445 enim
921 2389 1368 2462 circumpositus
1397 2406 1487 2445 res
1515 2389 1779 2446 verberat
1808 2388 1907 2446 aer
1925 2408 1944 2460 ;

474 2478 580 2538 sed
610 2478 706 2535 tali
737 2480 800 2535 fit
829 2479 910 2535 uti
940 2479 1225 2554 propellat
1253 2489 1520 2553 tempore
1550 2479 1782 2551 ferrum,

473 2579 635 2645 parte
666 2568 826 2643 quod
857 2587 929 2626 ex
958 2587 1074 2625 una
1102 2570 1352 2644 spatium
1383 2579 1548 2627 vacat
1578 2580 1637 2627 et
1664 2576 1822 2645 capit
1851 2570 1911 2628 in
1940 2587 2020 2628 se.
2166 2589 2293 2642 1030

473 2660 590 2732 hic,
619 2660 722 2717 tibi
752 2677 928 2733 quem
962 2678 1245 2731 memoro,
1278 2678 1383 2734 per
1410 2661 1615 2718 crebra
1644 2662 1929 2719 foramina
1956 2659 2089 2717 ferri

474 2768 677 2825 parvas
705 2748 782 2806 ad
813 2754 986 2824 partis
1016 2751 1294 2808 subtiliter
1323 2751 1641 2807 insinuatus

473 2840 654 2898 trudit
683 2851 742 2898 et
769 2840 1005 2915 inpellit,
1037 2841 1199 2914 quasi
1230 2857 1439 2898 navem
1471 2841 1713 2915 velaque
1744 2850 1966 2899 ventus,

475 2930 732 3005 denique
761 2948 852 2987 res
881 2948 1088 2987 omnes
1118 2930 1338 2987 debent
1369 2932 1424 2987 in
1456 2948 1703 3005 corpore
1733 2931 1948 2990 habere

477 3026 628 3093 aera,
659 3020 1140 3095 quandoquidem
1169 3040 1298 3078 raro
1329 3031 1463 3079 sunt
1489 3040 1737 3096 corpore
1767 3032 1827 3079 et
1854 3022 1955 3079 a‘er
2167 3042 2292 3095 ²035

477 3112 747 3169 omnibus
777 3121 864 3169 est
894 3112 1063 3168 rebus
1094 3111 1485 3169 circumdatus
1516 3112 1957 3188 adpositusque.

479 3203 574 3259 hic
604 3202 790 3276 igitur,
820 3203 1050 3277 penitus
1081 3203 1181 3275 qui
1213 3202 1268 3258 in
1299 3202 1502 3260 ferrost
1531 3202 1763 3261 abditus
1792 3205 1907 3274 aet,

479 3293 725 3351 sollicito
755 3302 917 3349 motu
947 3311 1178 3367 semper
1210 3295 1450 3350 iactatur
1477 3312 1669 3368 eoque

479 3383 739 3440 verberat
767 3384 1019 3440 anellum
1049 3382 1230 3441 dubio
1258 3384 1462 3458 procul
1492 3393 1549 3441 et
1578 3382 1694 3442 ciet
1721 3384 1873 3441 intus

481 3472 736 3532 scilicet:
785 3474 874 3529 ille
910 3472 1124 3532 eodem
1155 3475 1329 3531 fertur
1355 3493 1475 3548 quo
1504 3474 1905 3549 praecipitavit
2172 3496 2294 3544 1040

482 3562 599 3620 iam
628 3564 808 3621 semel
836 3573 896 3621 et
923 3573 1147 3643 partem
1176 3566 1237 3626 in
1264 3584 1507 3627 vacuam
1537 3566 1851 3629 conamina
1878 3568 2145 3645 sumpsit.
