<?xml version="1.0" encoding="UTF-8"?>
<!DOCTYPE html PUBLIC "-//W3C//DTD XHTML 1.0 Transitional//EN"
    "http://www.w3.org/TR/xhtml1/DTD/xhtml1-transitional.dtd">
<html xmlns="http://www.w3.org/1999/xhtml" xml:lang="en" lang="en">
 <head>
  <title>
</title>
<meta http-equiv="Content-Type" content="text/html;charset=utf-8" />
  <meta name='ocr-system' content='tesseract 3.04.00' />
  <meta name='ocr-capabilities' content='ocr_page ocr_carea ocr_par ocr_line ocrx_word'/>
</head>
<body>
  <div class='ocr_page' id='page_1' title='image "./tlucreticarider06unkngoog_0167.png"; bbox 0 0 2784 3992; ppageno 0'>
   <div class='ocr_carea' id='block_1_1' title="bbox 457 347 2264 419">
    <p class='ocr_par' dir='ltr' id='par_1_1' title="bbox 457 347 2264 419">
     <span class='ocr_line' id='line_1_1' title="bbox 457 347 2264 419; baseline -0.001 -18"><span class='ocrx_word' id='word_1_1' title='bbox 457 348 586 419; x_wconf 67' lang='grc' dir='ltr'><strong>Ν]</strong></span> <span class='ocrx_word' id='word_1_2' title='bbox 945 347 1054 401; x_wconf 85' lang='lat' dir='ltr'><strong>DE</strong></span> <span class='ocrx_word' id='word_1_3' title='bbox 1107 348 1404 403; x_wconf 80' lang='lat' dir='ltr'><strong>RERUM</strong></span> <span class='ocrx_word' id='word_1_4' title='bbox 1458 348 1802 403; x_wconf 81' lang='lat' dir='ltr'>NATURA</span> <span class='ocrx_word' id='word_1_5' title='bbox 2151 352 2264 417; x_wconf 81' lang='lat'><strong>105</strong></span> 
     </span>
    </p>
   </div>
   <div class='ocr_carea' id='block_1_2' title="bbox 449 508 2274 3669">
    <p class='ocr_par' dir='ltr' id='par_1_2' title="bbox 451 508 2270 584">
     <span class='ocr_line' id='line_1_2' title="bbox 451 508 2270 584; baseline 0.001 -18"><span class='ocrx_word' id='word_1_6' title='bbox 451 508 716 584; x_wconf 90' lang='lat' dir='ltr'><strong>undique</strong></span> <span class='ocrx_word' id='word_1_7' title='bbox 745 508 832 566; x_wconf 90' lang='lat' dir='ltr'><strong>uti</strong></span> <span class='ocrx_word' id='word_1_8' title='bbox 859 509 1128 567; x_wconf 85' lang='lat' dir='ltr'><strong>tenebras</strong></span> <span class='ocrx_word' id='word_1_9' title='bbox 1157 509 1348 567; x_wconf 89' lang='lat' dir='ltr'><strong>omnis</strong></span> <span class='ocrx_word' id='word_1_10' title='bbox 1376 509 1713 568; x_wconf 86' lang='lat' dir='ltr'><strong>Acherunta</strong></span> <span class='ocrx_word' id='word_1_11' title='bbox 1738 510 1914 569; x_wconf 84' lang='lat' dir='ltr'>rearis</span> <span class='ocrx_word' id='word_1_12' title='bbox 2177 532 2270 577; x_wconf 88' lang='lat'><strong>170</strong></span> 
     </span>
    </p>

    <p class='ocr_par' dir='ltr' id='par_1_3' title="bbox 451 600 1900 675">
     <span class='ocr_line' id='line_1_3' title="bbox 451 600 1900 675; baseline 0.002 -18"><span class='ocrx_word' id='word_1_13' title='bbox 451 600 687 675; x_wconf 86' lang='lat' dir='ltr'>liquisse</span> <span class='ocrx_word' id='word_1_14' title='bbox 716 609 776 657; x_wconf 93' lang='lat' dir='ltr'><strong>et</strong></span> <span class='ocrx_word' id='word_1_15' title='bbox 805 617 1044 674; x_wconf 89' lang='lat' dir='ltr'><strong>magnas</strong></span> <span class='ocrx_word' id='word_1_16' title='bbox 1074 600 1220 656; x_wconf 91' lang='lat' dir='ltr'><strong>caeli</strong></span> <span class='ocrx_word' id='word_1_17' title='bbox 1250 600 1576 675; x_wconf 86' lang='lat' dir='ltr'><strong>complesse</strong></span> <span class='ocrx_word' id='word_1_18' title='bbox 1605 619 1900 661; x_wconf 82' lang='lat' dir='ltr'><strong>cavernaS.</strong></span> 
     </span>
    </p>

    <p class='ocr_par' dir='ltr' id='par_1_4' title="bbox 453 690 1834 764">
     <span class='ocr_line' id='line_1_4' title="bbox 453 690 1834 764; baseline 0.002 -16"><span class='ocrx_word' id='word_1_19' title='bbox 453 709 638 764; x_wconf 90' lang='lat' dir='ltr'><strong>usque</strong></span> <span class='ocrx_word' id='word_1_20' title='bbox 670 690 823 747; x_wconf 92' lang='lat' dir='ltr'><strong>adeo</strong></span> <span class='ocrx_word' id='word_1_21' title='bbox 855 700 1038 747; x_wconf 85' lang='lat' dir='ltr'><strong>taetra</strong></span> <span class='ocrx_word' id='word_1_22' title='bbox 1064 690 1398 748; x_wconf 88' lang='lat' dir='ltr'>nimborum</span> <span class='ocrx_word' id='word_1_23' title='bbox 1426 702 1600 748; x_wconf 94' lang='lat' dir='ltr'><strong>nocte</strong></span> <span class='ocrx_word' id='word_1_24' title='bbox 1630 701 1834 751; x_wconf 84' lang='lat' dir='ltr'><strong>coorta</strong></span> 
     </span>
    </p>

    <p class='ocr_par' dir='ltr' id='par_1_5' title="bbox 453 780 1766 856">
     <span class='ocr_line' id='line_1_5' title="bbox 453 780 1766 856; baseline 0.001 -18"><span class='ocrx_word' id='word_1_25' title='bbox 453 781 780 856; x_wconf 90' lang='lat' dir='ltr'><strong>inpendent</strong></span> <span class='ocrx_word' id='word_1_26' title='bbox 809 790 964 838; x_wconf 86' lang='lat' dir='ltr'><strong>atrae</strong></span> <span class='ocrx_word' id='word_1_27' title='bbox 995 780 1317 838; x_wconf 88' lang='lat' dir='ltr'>formidinis</span> <span class='ocrx_word' id='word_1_28' title='bbox 1346 800 1450 838; x_wconf 88' lang='lat' dir='ltr'><strong>ora</strong></span> <span class='ocrx_word' id='word_1_29' title='bbox 1477 800 1726 856; x_wconf 90' lang='lat' dir='ltr'><strong>superne</strong></span> <span class='ocrx_word' id='word_1_30' title='bbox 1747 802 1766 855; x_wconf 91' lang='lat'>;</span> 
     </span>
    </p>

    <p class='ocr_par' dir='ltr' id='par_1_6' title="bbox 456 872 1991 946">
     <span class='ocr_line' id='line_1_6' title="bbox 456 872 1991 946; baseline 0.003 -18"><span class='ocrx_word' id='word_1_31' title='bbox 456 889 706 945; x_wconf 90' lang='lat' dir='ltr'><strong>quorum</strong></span> <span class='ocrx_word' id='word_1_32' title='bbox 737 872 1016 945; x_wconf 88' lang='lat' dir='ltr'><strong>quantula</strong></span> <span class='ocrx_word' id='word_1_33' title='bbox 1041 889 1173 946; x_wconf 91' lang='lat' dir='ltr'><strong>pars</strong></span> <span class='ocrx_word' id='word_1_34' title='bbox 1202 872 1276 929; x_wconf 90' lang='lat' dir='ltr'><strong>sit</strong></span> <span class='ocrx_word' id='word_1_35' title='bbox 1305 872 1498 946; x_wconf 86' lang='lat' dir='ltr'>imago</span> <span class='ocrx_word' id='word_1_36' title='bbox 1529 872 1725 930; x_wconf 90' lang='lat' dir='ltr'><strong>dicere</strong></span> <span class='ocrx_word' id='word_1_37' title='bbox 1755 882 1991 933; x_wconf 86' lang='lat' dir='ltr'><strong>nemost</strong></span> 
     </span>
    </p>

    <p class='ocr_par' dir='ltr' id='par_1_7' title="bbox 455 962 2267 1127">
     <span class='ocr_line' id='line_1_7' title="bbox 455 962 2267 1036; baseline 0.002 -17"><span class='ocrx_word' id='word_1_38' title='bbox 455 962 556 1036; x_wconf 91' lang='lat' dir='ltr'><strong>qui</strong></span> <span class='ocrx_word' id='word_1_39' title='bbox 584 962 767 1036; x_wconf 90' lang='lat' dir='ltr'><strong>possit</strong></span> <span class='ocrx_word' id='word_1_40' title='bbox 794 980 988 1036; x_wconf 90' lang='lat' dir='ltr'><strong>neque</strong></span> <span class='ocrx_word' id='word_1_41' title='bbox 1017 980 1149 1018; x_wconf 89' lang='lat' dir='ltr'><strong>eam</strong></span> <span class='ocrx_word' id='word_1_42' title='bbox 1176 962 1461 1019; x_wconf 89' lang='lat' dir='ltr'><strong>rationem</strong></span> <span class='ocrx_word' id='word_1_43' title='bbox 1491 962 1737 1020; x_wconf 91' lang='lat' dir='ltr'><strong>reddere</strong></span> <span class='ocrx_word' id='word_1_44' title='bbox 1766 962 1954 1021; x_wconf 88' lang='lat' dir='ltr'><strong>dictis.</strong></span> <span class='ocrx_word' id='word_1_45' title='bbox 2175 982 2267 1035; x_wconf 81' lang='lat'><strong>175</strong></span> 
     </span>
     <span class='ocr_line' id='line_1_8' title="bbox 536 1053 2095 1127; baseline 0.001 -18"><span class='ocrx_word' id='word_1_46' title='bbox 536 1054 713 1110; x_wconf 91' lang='lat' dir='ltr'><strong>Nunc</strong></span> <span class='ocrx_word' id='word_1_47' title='bbox 742 1070 871 1127; x_wconf 86' lang='lat' dir='ltr'><strong>age,</strong></span> <span class='ocrx_word' id='word_1_48' title='bbox 901 1070 1078 1126; x_wconf 90' lang='lat' dir='ltr'><strong>quam</strong></span> <span class='ocrx_word' id='word_1_49' title='bbox 1108 1053 1283 1109; x_wconf 90' lang='lat' dir='ltr'><strong>celeri</strong></span> <span class='ocrx_word' id='word_1_50' title='bbox 1311 1062 1476 1109; x_wconf 92' lang='lat' dir='ltr'><strong>motu</strong></span> <span class='ocrx_word' id='word_1_51' title='bbox 1507 1053 1812 1111; x_wconf 88' lang='lat' dir='ltr'><strong>simulacra</strong></span> <span class='ocrx_word' id='word_1_52' title='bbox 1839 1054 2095 1111; x_wconf 89' lang='lat' dir='ltr'><strong>ferantur</strong></span> 
     </span>
    </p>

    <p class='ocr_par' dir='ltr' id='par_1_8' title="bbox 455 1142 1748 1217">
     <span class='ocr_line' id='line_1_9' title="bbox 455 1142 1748 1217; baseline 0.001 -16"><span class='ocrx_word' id='word_1_53' title='bbox 455 1152 514 1201; x_wconf 91' lang='lat' dir='ltr'><strong>et</strong></span> <span class='ocrx_word' id='word_1_54' title='bbox 541 1161 693 1217; x_wconf 90' lang='lat' dir='ltr'><strong>quae</strong></span> <span class='ocrx_word' id='word_1_55' title='bbox 722 1144 1012 1201; x_wconf 86' lang='lat' dir='ltr'><strong>mobilitas</strong></span> <span class='ocrx_word' id='word_1_56' title='bbox 1040 1142 1166 1200; x_wconf 90' lang='lat' dir='ltr'><strong>ollis</strong></span> <span class='ocrx_word' id='word_1_57' title='bbox 1194 1143 1554 1201; x_wconf 89' lang='lat' dir='ltr'><strong>tranantibus</strong></span> <span class='ocrx_word' id='word_1_58' title='bbox 1582 1162 1748 1202; x_wconf 88' lang='lat' dir='ltr'><strong>auras</strong></span> 
     </span>
    </p>

    <p class='ocr_par' dir='ltr' id='par_1_9' title="bbox 452 1233 1963 1308">
     <span class='ocr_line' id='line_1_10' title="bbox 452 1233 1963 1308; baseline 0.001 -17"><span class='ocrx_word' id='word_1_59' title='bbox 452 1233 682 1291; x_wconf 90' lang='lat' dir='ltr'><strong>reddita</strong></span> <span class='ocrx_word' id='word_1_60' title='bbox 710 1234 799 1305; x_wconf 92' lang='lat' dir='ltr'><strong>sit,</strong></span> <span class='ocrx_word' id='word_1_61' title='bbox 829 1234 1006 1308; x_wconf 91' lang='lat' dir='ltr'><strong>longo</strong></span> <span class='ocrx_word' id='word_1_62' title='bbox 1034 1234 1223 1308; x_wconf 87' lang='lat' dir='ltr'><strong>spatio</strong></span> <span class='ocrx_word' id='word_1_63' title='bbox 1253 1243 1317 1292; x_wconf 93' lang='lat' dir='ltr'><strong>ut</strong></span> <span class='ocrx_word' id='word_1_64' title='bbox 1343 1234 1531 1291; x_wconf 90' lang='lat' dir='ltr'><strong>brevis</strong></span> <span class='ocrx_word' id='word_1_65' title='bbox 1560 1234 1704 1291; x_wconf 87' lang='lat' dir='ltr'><strong>hora</strong></span> <span class='ocrx_word' id='word_1_66' title='bbox 1733 1244 1963 1307; x_wconf 88' lang='lat' dir='ltr'><strong>teratur,</strong></span> 
     </span>
    </p>

    <p class='ocr_par' dir='ltr' id='par_1_10' title="bbox 454 1323 2070 1399">
     <span class='ocr_line' id='line_1_11' title="bbox 454 1323 2070 1399; baseline 0.001 -17"><span class='ocrx_word' id='word_1_67' title='bbox 454 1325 513 1382; x_wconf 94' lang='lat' dir='ltr'><strong>in</strong></span> <span class='ocrx_word' id='word_1_68' title='bbox 542 1343 720 1399; x_wconf 91' lang='lat' dir='ltr'><strong>quem</strong></span> <span class='ocrx_word' id='word_1_69' title='bbox 750 1341 1019 1399; x_wconf 90' lang='lat' dir='ltr'><strong>quaeque</strong></span> <span class='ocrx_word' id='word_1_70' title='bbox 1047 1325 1245 1381; x_wconf 90' lang='lat' dir='ltr'><strong>locum</strong></span> <span class='ocrx_word' id='word_1_71' title='bbox 1275 1323 1503 1382; x_wconf 89' lang='lat' dir='ltr'><strong>diverso</strong></span> <span class='ocrx_word' id='word_1_72' title='bbox 1532 1325 1770 1383; x_wconf 93' lang='lat' dir='ltr'><strong>nomine</strong></span> <span class='ocrx_word' id='word_1_73' title='bbox 1801 1325 2070 1397; x_wconf 90' lang='lat' dir='ltr'><strong>tendunt,</strong></span> 
     </span>
    </p>

    <p class='ocr_par' dir='ltr' id='par_1_11' title="bbox 454 1415 2268 1490">
     <span class='ocr_line' id='line_1_12' title="bbox 454 1415 2268 1490; baseline 0.001 -17"><span class='ocrx_word' id='word_1_74' title='bbox 454 1416 762 1473; x_wconf 88' lang='lat' dir='ltr'><strong>suavidicis</strong></span> <span class='ocrx_word' id='word_1_75' title='bbox 790 1416 983 1490; x_wconf 89' lang='lat' dir='ltr'><strong>potius</strong></span> <span class='ocrx_word' id='word_1_76' title='bbox 1012 1433 1186 1489; x_wconf 86' lang='lat' dir='ltr'><strong>quam</strong></span> <span class='ocrx_word' id='word_1_77' title='bbox 1218 1415 1412 1472; x_wconf 87' lang='lat' dir='ltr'><strong>multis</strong></span> <span class='ocrx_word' id='word_1_78' title='bbox 1439 1416 1699 1473; x_wconf 90' lang='lat' dir='ltr'><strong>versibus</strong></span> <span class='ocrx_word' id='word_1_79' title='bbox 1727 1416 1902 1474; x_wconf 91' lang='lat' dir='ltr'><strong>edam</strong></span> <span class='ocrx_word' id='word_1_80' title='bbox 1922 1437 1941 1489; x_wconf 81' lang='lat'>3</span> <span class='ocrx_word' id='word_1_81' title='bbox 2173 1424 2268 1474; x_wconf 88' lang='lat'><strong>180</strong></span> 
     </span>
    </p>

    <p class='ocr_par' dir='ltr' id='par_1_12' title="bbox 454 1505 2092 1581">
     <span class='ocr_line' id='line_1_13' title="bbox 454 1505 2092 1581; baseline 0 -18"><span class='ocrx_word' id='word_1_82' title='bbox 454 1523 661 1581; x_wconf 84' lang='lat' dir='ltr'><strong>parvus</strong></span> <span class='ocrx_word' id='word_1_83' title='bbox 688 1515 753 1563; x_wconf 92' lang='lat' dir='ltr'><strong>ut</strong></span> <span class='ocrx_word' id='word_1_84' title='bbox 782 1514 870 1563; x_wconf 91' lang='lat' dir='ltr'><strong>est</strong></span> <span class='ocrx_word' id='word_1_85' title='bbox 898 1505 1066 1581; x_wconf 92' lang='lat' dir='ltr'><strong>cycni</strong></span> <span class='ocrx_word' id='word_1_86' title='bbox 1096 1506 1301 1563; x_wconf 92' lang='lat' dir='ltr'><strong>melior</strong></span> <span class='ocrx_word' id='word_1_87' title='bbox 1327 1524 1527 1576; x_wconf 90' lang='lat' dir='ltr'><strong>canor,</strong></span> <span class='ocrx_word' id='word_1_88' title='bbox 1558 1505 1649 1562; x_wconf 90' lang='lat' dir='ltr'><strong>ille</strong></span> <span class='ocrx_word' id='word_1_89' title='bbox 1677 1524 1884 1581; x_wconf 90' lang='lat' dir='ltr'><strong>gruum</strong></span> <span class='ocrx_word' id='word_1_90' title='bbox 1913 1524 2092 1581; x_wconf 90' lang='lat' dir='ltr'><strong>quam</strong></span> 
     </span>
    </p>

    <p class='ocr_par' dir='ltr' id='par_1_13' title="bbox 454 1595 1878 1671">
     <span class='ocr_line' id='line_1_14' title="bbox 454 1595 1878 1671; baseline 0.001 -18"><span class='ocrx_word' id='word_1_91' title='bbox 454 1597 673 1653; x_wconf 86' lang='lat' dir='ltr'><strong>clamor</strong></span> <span class='ocrx_word' id='word_1_92' title='bbox 700 1596 757 1653; x_wconf 90' lang='lat' dir='ltr'><strong>in</strong></span> <span class='ocrx_word' id='word_1_93' title='bbox 790 1595 1055 1653; x_wconf 88' lang='lat' dir='ltr'><strong>aetheriis</strong></span> <span class='ocrx_word' id='word_1_94' title='bbox 1083 1596 1377 1671; x_wconf 88' lang='lat' dir='ltr'><strong>dispersus</strong></span> <span class='ocrx_word' id='word_1_95' title='bbox 1405 1596 1658 1654; x_wconf 91' lang='lat' dir='ltr'><strong>nubibus</strong></span> <span class='ocrx_word' id='word_1_96' title='bbox 1686 1597 1878 1655; x_wconf 87' lang='lat' dir='ltr'><strong>austri.</strong></span> 
     </span>
    </p>

    <p class='ocr_par' dir='ltr' id='par_1_14' title="bbox 453 1687 1804 1762">
     <span class='ocr_line' id='line_1_15' title="bbox 453 1687 1804 1762; baseline 0.001 -19"><span class='ocrx_word' id='word_1_97' title='bbox 453 1688 740 1762; x_wconf 91' lang='lat' dir='ltr'><strong>principio</strong></span> <span class='ocrx_word' id='word_1_98' title='bbox 768 1704 1050 1761; x_wconf 91' lang='lat' dir='ltr'><strong>persaepe</strong></span> <span class='ocrx_word' id='word_1_99' title='bbox 1079 1687 1217 1744; x_wconf 89' lang='lat' dir='ltr'><strong>levis</strong></span> <span class='ocrx_word' id='word_1_100' title='bbox 1246 1704 1336 1744; x_wconf 93' lang='lat' dir='ltr'><strong>res</strong></span> <span class='ocrx_word' id='word_1_101' title='bbox 1365 1696 1541 1761; x_wconf 90' lang='lat' dir='ltr'><strong>atque</strong></span> <span class='ocrx_word' id='word_1_102' title='bbox 1570 1687 1804 1746; x_wconf 90' lang='lat' dir='ltr'><strong>minutis</strong></span> 
     </span>
    </p>

    <p class='ocr_par' dir='ltr' id='par_1_15' title="bbox 454 1776 1800 1853">
     <span class='ocr_line' id='line_1_16' title="bbox 454 1776 1800 1853; baseline 0.001 -19"><span class='ocrx_word' id='word_1_103' title='bbox 454 1779 795 1853; x_wconf 89' lang='lat' dir='ltr'><strong>corporibus</strong></span> <span class='ocrx_word' id='word_1_104' title='bbox 823 1778 1003 1835; x_wconf 86' lang='lat' dir='ltr'><strong>factas</strong></span> <span class='ocrx_word' id='word_1_105' title='bbox 1032 1778 1233 1835; x_wconf 90' lang='lat' dir='ltr'><strong>celeris</strong></span> <span class='ocrx_word' id='word_1_106' title='bbox 1262 1778 1399 1834; x_wconf 90' lang='lat' dir='ltr'><strong>licet</strong></span> <span class='ocrx_word' id='word_1_107' title='bbox 1427 1795 1553 1835; x_wconf 88' lang='lat' dir='ltr'><strong>esse</strong></span> <span class='ocrx_word' id='word_1_108' title='bbox 1582 1776 1800 1836; x_wconf 89' lang='lat' dir='ltr'><strong>videre.</strong></span> 
     </span>
    </p>

    <p class='ocr_par' dir='ltr' id='par_1_16' title="bbox 454 1866 2266 1943">
     <span class='ocr_line' id='line_1_17' title="bbox 454 1866 2266 1943; baseline -0.001 -18"><span class='ocrx_word' id='word_1_109' title='bbox 454 1866 513 1925; x_wconf 88' lang='lat' dir='ltr'><strong>in</strong></span> <span class='ocrx_word' id='word_1_110' title='bbox 542 1886 661 1943; x_wconf 93' lang='lat' dir='ltr'><strong>quo</strong></span> <span class='ocrx_word' id='word_1_111' title='bbox 693 1869 809 1925; x_wconf 91' lang='lat' dir='ltr'><strong>iam</strong></span> <span class='ocrx_word' id='word_1_112' title='bbox 837 1885 1050 1943; x_wconf 89' lang='lat' dir='ltr'><strong>genere</strong></span> <span class='ocrx_word' id='word_1_113' title='bbox 1081 1877 1169 1925; x_wconf 87' lang='lat' dir='ltr'><strong>est</strong></span> <span class='ocrx_word' id='word_1_114' title='bbox 1197 1868 1331 1925; x_wconf 91' lang='lat' dir='ltr'><strong>solis</strong></span> <span class='ocrx_word' id='word_1_115' title='bbox 1360 1868 1459 1925; x_wconf 87' lang='lat' dir='ltr'><strong>lux</strong></span> <span class='ocrx_word' id='word_1_116' title='bbox 1487 1878 1546 1925; x_wconf 91' lang='lat' dir='ltr'><strong>et</strong></span> <span class='ocrx_word' id='word_1_117' title='bbox 1573 1886 1757 1942; x_wconf 89' lang='lat' dir='ltr'><strong>vapor</strong></span> <span class='ocrx_word' id='word_1_118' title='bbox 1785 1869 1910 1927; x_wconf 92' lang='lat' dir='ltr'><strong>eius</strong></span> <span class='ocrx_word' id='word_1_119' title='bbox 2178 1876 2266 1939; x_wconf 81' lang='lat'><strong>¹85</strong></span> 
     </span>
    </p>

    <p class='ocr_par' dir='ltr' id='par_1_17' title="bbox 454 1958 1829 2034">
     <span class='ocr_line' id='line_1_18' title="bbox 454 1958 1829 2034; baseline 0.001 -18"><span class='ocrx_word' id='word_1_120' title='bbox 454 1968 765 2034; x_wconf 90' lang='lat' dir='ltr'><strong>propterea</strong></span> <span class='ocrx_word' id='word_1_121' title='bbox 792 1959 929 2032; x_wconf 91' lang='lat' dir='ltr'><strong>quia</strong></span> <span class='ocrx_word' id='word_1_122' title='bbox 957 1967 1091 2015; x_wconf 88' lang='lat' dir='ltr'><strong>sunt</strong></span> <span class='ocrx_word' id='word_1_123' title='bbox 1120 1976 1153 2015; x_wconf 94' lang='lat' dir='ltr'><strong>e</strong></span> <span class='ocrx_word' id='word_1_124' title='bbox 1181 1959 1380 2033; x_wconf 84' lang='lat' dir='ltr'><strong>primis</strong></span> <span class='ocrx_word' id='word_1_125' title='bbox 1411 1959 1564 2015; x_wconf 88' lang='lat' dir='ltr'><strong>facta</strong></span> <span class='ocrx_word' id='word_1_126' title='bbox 1591 1958 1829 2017; x_wconf 90' lang='lat' dir='ltr'><strong>minutis</strong></span> 
     </span>
    </p>

    <p class='ocr_par' dir='ltr' id='par_1_18' title="bbox 455 2048 1936 2124">
     <span class='ocr_line' id='line_1_19' title="bbox 455 2048 1936 2124; baseline 0.001 -19"><span class='ocrx_word' id='word_1_127' title='bbox 455 2068 604 2123; x_wconf 91' lang='lat' dir='ltr'><strong>quae</strong></span> <span class='ocrx_word' id='word_1_128' title='bbox 635 2049 799 2124; x_wconf 88' lang='lat' dir='ltr'><strong>quasi</strong></span> <span class='ocrx_word' id='word_1_129' title='bbox 829 2048 1120 2106; x_wconf 91' lang='lat' dir='ltr'><strong>cuduntur</strong></span> <span class='ocrx_word' id='word_1_130' title='bbox 1148 2066 1368 2123; x_wconf 93' lang='lat' dir='ltr'><strong>perque</strong></span> <span class='ocrx_word' id='word_1_131' title='bbox 1400 2050 1546 2106; x_wconf 64' lang='lat' dir='ltr'><strong>acris</strong></span> <span class='ocrx_word' id='word_1_132' title='bbox 1575 2050 1936 2107; x_wconf 91' lang='lat' dir='ltr'><strong>intervallum</strong></span> 
     </span>
    </p>

    <p class='ocr_par' dir='ltr' id='par_1_19' title="bbox 454 2139 1908 2214">
     <span class='ocr_line' id='line_1_20' title="bbox 454 2139 1908 2214; baseline 0 -17"><span class='ocrx_word' id='word_1_133' title='bbox 454 2158 575 2197; x_wconf 93' lang='lat' dir='ltr'><strong>non</strong></span> <span class='ocrx_word' id='word_1_134' title='bbox 604 2139 874 2197; x_wconf 90' lang='lat' dir='ltr'><strong>dubitant</strong></span> <span class='ocrx_word' id='word_1_135' title='bbox 901 2140 1136 2196; x_wconf 85' lang='lat' dir='ltr'><strong>transire</strong></span> <span class='ocrx_word' id='word_1_136' title='bbox 1165 2140 1434 2212; x_wconf 88' lang='lat' dir='ltr'><strong>sequenti</strong></span> <span class='ocrx_word' id='word_1_137' title='bbox 1463 2140 1696 2196; x_wconf 88' lang='lat' dir='ltr'><strong>concita</strong></span> <span class='ocrx_word' id='word_1_138' title='bbox 1721 2140 1908 2214; x_wconf 88' lang='lat' dir='ltr'><strong>plaga.</strong></span> 
     </span>
    </p>

    <p class='ocr_par' dir='ltr' id='par_1_20' title="bbox 454 2229 1853 2305">
     <span class='ocr_line' id='line_1_21' title="bbox 454 2229 1853 2305; baseline -0.001 -17"><span class='ocrx_word' id='word_1_139' title='bbox 454 2229 858 2305; x_wconf 86' lang='lat' dir='ltr'><strong>suppeditatur</strong></span> <span class='ocrx_word' id='word_1_140' title='bbox 885 2230 1043 2287; x_wconf 91' lang='lat' dir='ltr'><strong>enim</strong></span> <span class='ocrx_word' id='word_1_141' title='bbox 1072 2230 1379 2287; x_wconf 86' lang='lat' dir='ltr'><strong>confestim</strong></span> <span class='ocrx_word' id='word_1_142' title='bbox 1407 2230 1624 2286; x_wconf 90' lang='lat' dir='ltr'><strong>lumine</strong></span> <span class='ocrx_word' id='word_1_143' title='bbox 1654 2229 1853 2287; x_wconf 90' lang='lat' dir='ltr'><strong>lumen</strong></span> 
     </span>
    </p>

    <p class='ocr_par' dir='ltr' id='par_1_21' title="bbox 454 2320 2272 2395">
     <span class='ocr_line' id='line_1_22' title="bbox 454 2320 2272 2395; baseline -0.002 -17"><span class='ocrx_word' id='word_1_144' title='bbox 454 2330 514 2378; x_wconf 93' lang='lat' dir='ltr'><strong>et</strong></span> <span class='ocrx_word' id='word_1_145' title='bbox 540 2321 705 2394; x_wconf 90' lang='lat' dir='ltr'><strong>quasi</strong></span> <span class='ocrx_word' id='word_1_146' title='bbox 733 2320 959 2395; x_wconf 91' lang='lat' dir='ltr'><strong>protelo</strong></span> <span class='ocrx_word' id='word_1_147' title='bbox 990 2320 1311 2377; x_wconf 88' lang='lat' dir='ltr'><strong>stimulatur</strong></span> <span class='ocrx_word' id='word_1_148' title='bbox 1336 2320 1551 2393; x_wconf 88' lang='lat' dir='ltr'><strong>fulgere</strong></span> <span class='ocrx_word' id='word_1_149' title='bbox 1581 2320 1784 2394; x_wconf 88' lang='lat' dir='ltr'><strong>fulgur.</strong></span> <span class='ocrx_word' id='word_1_150' title='bbox 2180 2340 2272 2393; x_wconf 87' lang='lat'><strong>¹90</strong></span> 
     </span>
    </p>

    <p class='ocr_par' dir='ltr' id='par_1_22' title="bbox 454 2411 1935 2487">
     <span class='ocr_line' id='line_1_23' title="bbox 454 2411 1935 2487; baseline 0 -18"><span class='ocrx_word' id='word_1_151' title='bbox 454 2420 813 2487; x_wconf 89' lang='lat' dir='ltr'><strong>quapropter</strong></span> <span class='ocrx_word' id='word_1_152' title='bbox 839 2411 1144 2468; x_wconf 85' lang='lat' dir='ltr'><strong>simulacra</strong></span> <span class='ocrx_word' id='word_1_153' title='bbox 1170 2411 1294 2485; x_wconf 90' lang='lat' dir='ltr'><strong>pari</strong></span> <span class='ocrx_word' id='word_1_154' title='bbox 1322 2411 1544 2468; x_wconf 87' lang='lat' dir='ltr'><strong>ratione</strong></span> <span class='ocrx_word' id='word_1_155' title='bbox 1575 2428 1815 2468; x_wconf 89' lang='lat' dir='ltr'><strong>necesse</strong></span> <span class='ocrx_word' id='word_1_156' title='bbox 1846 2420 1935 2469; x_wconf 91' lang='lat' dir='ltr'><strong>est</strong></span> 
     </span>
    </p>

    <p class='ocr_par' dir='ltr' id='par_1_23' title="bbox 453 2501 1928 2576">
     <span class='ocr_line' id='line_1_24' title="bbox 453 2501 1928 2576; baseline -0.001 -16"><span class='ocrx_word' id='word_1_157' title='bbox 453 2501 893 2560; x_wconf 90' lang='lat' dir='ltr'><strong>inmemorabile</strong></span> <span class='ocrx_word' id='word_1_158' title='bbox 921 2519 1028 2576; x_wconf 93' lang='lat' dir='ltr'><strong>per</strong></span> <span class='ocrx_word' id='word_1_159' title='bbox 1055 2502 1302 2575; x_wconf 90' lang='lat' dir='ltr'><strong>spatium</strong></span> <span class='ocrx_word' id='word_1_160' title='bbox 1336 2510 1722 2558; x_wconf 88' lang='lat' dir='ltr'><strong>transcurrere</strong></span> <span class='ocrx_word' id='word_1_161' title='bbox 1753 2519 1928 2576; x_wconf 88' lang='lat' dir='ltr'><strong>posse</strong></span> 
     </span>
    </p>

    <p class='ocr_par' dir='ltr' id='par_1_24' title="bbox 453 2590 2033 2668">
     <span class='ocr_line' id='line_1_25' title="bbox 453 2590 2033 2668; baseline -0.001 -17"><span class='ocrx_word' id='word_1_162' title='bbox 453 2593 733 2668; x_wconf 88' lang='lat' dir='ltr'><strong>temporis</strong></span> <span class='ocrx_word' id='word_1_163' title='bbox 762 2593 823 2650; x_wconf 92' lang='lat' dir='ltr'><strong>in</strong></span> <span class='ocrx_word' id='word_1_164' title='bbox 849 2602 1090 2667; x_wconf 92' lang='lat' dir='ltr'><strong>punct0,</strong></span> <span class='ocrx_word' id='word_1_165' title='bbox 1120 2592 1374 2666; x_wconf 92' lang='lat' dir='ltr'><strong>primum</strong></span> <span class='ocrx_word' id='word_1_166' title='bbox 1404 2590 1567 2665; x_wconf 89' lang='lat' dir='ltr'><strong>quod</strong></span> <span class='ocrx_word' id='word_1_167' title='bbox 1595 2593 1830 2665; x_wconf 88' lang='lat' dir='ltr'><strong>parvola</strong></span> <span class='ocrx_word' id='word_1_168' title='bbox 1858 2610 2033 2650; x_wconf 86' lang='lat' dir='ltr'><strong>causa</strong></span> 
     </span>
    </p>

    <p class='ocr_par' dir='ltr' id='par_1_25' title="bbox 454 2682 2050 2759">
     <span class='ocr_line' id='line_1_26' title="bbox 454 2682 2050 2759; baseline -0.002 -17"><span class='ocrx_word' id='word_1_169' title='bbox 454 2694 544 2743; x_wconf 90' lang='lat' dir='ltr'><strong>est</strong></span> <span class='ocrx_word' id='word_1_170' title='bbox 571 2683 775 2759; x_wconf 93' lang='lat' dir='ltr'><strong>procul</strong></span> <span class='ocrx_word' id='word_1_171' title='bbox 804 2701 839 2740; x_wconf 90' lang='lat' dir='ltr'><strong>a</strong></span> <span class='ocrx_word' id='word_1_172' title='bbox 863 2692 1026 2757; x_wconf 89' lang='lat' dir='ltr'><strong>tergo</strong></span> <span class='ocrx_word' id='word_1_173' title='bbox 1056 2699 1205 2756; x_wconf 91' lang='lat' dir='ltr'><strong>quae</strong></span> <span class='ocrx_word' id='word_1_174' title='bbox 1235 2682 1517 2757; x_wconf 89' lang='lat' dir='ltr'><strong>provehat</strong></span> <span class='ocrx_word' id='word_1_175' title='bbox 1546 2692 1720 2755; x_wconf 91' lang='lat' dir='ltr'><strong>atque</strong></span> <span class='ocrx_word' id='word_1_176' title='bbox 1750 2683 2050 2757; x_wconf 88' lang='lat' dir='ltr'><strong>propellat,</strong></span> 
     </span>
    </p>

    <p class='ocr_par' dir='ltr' id='par_1_26' title="bbox 454 2772 2270 2851">
     <span class='ocr_line' id='line_1_27' title="bbox 454 2772 2270 2851; baseline -0.002 -18"><span class='ocrx_word' id='word_1_177' title='bbox 454 2774 620 2851; x_wconf 91' lang='lat' dir='ltr'><strong>quod</strong></span> <span class='ocrx_word' id='word_1_178' title='bbox 650 2783 925 2850; x_wconf 88' lang='lat' dir='ltr'><strong>superest,</strong></span> <span class='ocrx_word' id='word_1_179' title='bbox 959 2774 1058 2830; x_wconf 94' lang='lat' dir='ltr'><strong>ubi</strong></span> <span class='ocrx_word' id='word_1_180' title='bbox 1085 2782 1205 2830; x_wconf 87' lang='lat' dir='ltr'><strong>tam</strong></span> <span class='ocrx_word' id='word_1_181' title='bbox 1234 2773 1450 2830; x_wconf 89' lang='lat' dir='ltr'><strong>volucri</strong></span> <span class='ocrx_word' id='word_1_182' title='bbox 1480 2772 1710 2829; x_wconf 89' lang='lat' dir='ltr'><strong>levitate</strong></span> <span class='ocrx_word' id='word_1_183' title='bbox 1740 2773 1994 2830; x_wconf 87' lang='lat' dir='ltr'><strong>ferantur</strong></span> <span class='ocrx_word' id='word_1_184' title='bbox 2014 2792 2032 2844; x_wconf 85' lang='lat'>;</span> <span class='ocrx_word' id='word_1_185' title='bbox 2181 2789 2270 2845; x_wconf 86' lang='lat'><strong>195</strong></span> 
     </span>
    </p>

    <p class='ocr_par' dir='ltr' id='par_1_27' title="bbox 454 2862 1963 2940">
     <span class='ocr_line' id='line_1_28' title="bbox 454 2862 1963 2940; baseline -0.003 -16"><span class='ocrx_word' id='word_1_186' title='bbox 454 2864 675 2924; x_wconf 91' lang='lat' dir='ltr'><strong>deinde</strong></span> <span class='ocrx_word' id='word_1_187' title='bbox 705 2863 868 2940; x_wconf 92' lang='lat' dir='ltr'><strong>quod</strong></span> <span class='ocrx_word' id='word_1_188' title='bbox 896 2881 1081 2939; x_wconf 88' lang='lat' dir='ltr'><strong>usque</strong></span> <span class='ocrx_word' id='word_1_189' title='bbox 1112 2863 1263 2921; x_wconf 90' lang='lat' dir='ltr'><strong>adeo</strong></span> <span class='ocrx_word' id='word_1_190' title='bbox 1292 2872 1517 2920; x_wconf 89' lang='lat' dir='ltr'><strong>textura</strong></span> <span class='ocrx_word' id='word_1_191' title='bbox 1546 2862 1811 2936; x_wconf 87' lang='lat' dir='ltr'><strong>praedita</strong></span> <span class='ocrx_word' id='word_1_192' title='bbox 1837 2882 1963 2920; x_wconf 88' lang='lat' dir='ltr'><strong>rara</strong></span> 
     </span>
    </p>

    <p class='ocr_par' dir='ltr' id='par_1_28' title="bbox 456 2954 2031 3029">
     <span class='ocr_line' id='line_1_29' title="bbox 456 2954 2031 3029; baseline -0.001 -15"><span class='ocrx_word' id='word_1_193' title='bbox 456 2957 781 3027; x_wconf 89' lang='lat' dir='ltr'><strong>mittuntur,</strong></span> <span class='ocrx_word' id='word_1_194' title='bbox 813 2955 981 3013; x_wconf 89' lang='lat' dir='ltr'><strong>facile</strong></span> <span class='ocrx_word' id='word_1_195' title='bbox 1011 2965 1074 3012; x_wconf 91' lang='lat' dir='ltr'><strong>ut</strong></span> <span class='ocrx_word' id='word_1_196' title='bbox 1103 2954 1332 3029; x_wconf 90' lang='lat' dir='ltr'><strong>quasvis</strong></span> <span class='ocrx_word' id='word_1_197' title='bbox 1360 2964 1666 3028; x_wconf 89' lang='lat' dir='ltr'><strong>penetrare</strong></span> <span class='ocrx_word' id='word_1_198' title='bbox 1697 2963 1913 3027; x_wconf 90' lang='lat' dir='ltr'><strong>queant</strong></span> <span class='ocrx_word' id='word_1_199' title='bbox 1939 2970 2031 3012; x_wconf 90' lang='lat' dir='ltr'><strong>res</strong></span> 
     </span>
    </p>

    <p class='ocr_par' dir='ltr' id='par_1_29' title="bbox 452 3044 1791 3122">
     <span class='ocr_line' id='line_1_30' title="bbox 452 3044 1791 3122; baseline -0.004 -16"><span class='ocrx_word' id='word_1_200' title='bbox 452 3057 514 3106; x_wconf 90' lang='lat' dir='ltr'><strong>et</strong></span> <span class='ocrx_word' id='word_1_201' title='bbox 545 3047 709 3121; x_wconf 90' lang='lat' dir='ltr'><strong>quasi</strong></span> <span class='ocrx_word' id='word_1_202' title='bbox 736 3064 1076 3122; x_wconf 91' lang='lat' dir='ltr'><strong>permanare</strong></span> <span class='ocrx_word' id='word_1_203' title='bbox 1104 3063 1212 3120; x_wconf 90' lang='lat' dir='ltr'><strong>per</strong></span> <span class='ocrx_word' id='word_1_204' title='bbox 1238 3045 1383 3101; x_wconf 83' lang='lat' dir='ltr'><strong>a‘eris</strong></span> <span class='ocrx_word' id='word_1_205' title='bbox 1413 3044 1791 3101; x_wconf 88' lang='lat' dir='ltr'><strong>intervallum.</strong></span> 
     </span>
    </p>

    <p class='ocr_par' dir='ltr' id='par_1_30' title="bbox 450 3134 1890 3215">
     <span class='ocr_line' id='line_1_31' title="bbox 450 3134 1890 3215; baseline -0.003 -20"><span class='ocrx_word' id='word_1_206' title='bbox 450 3146 756 3215; x_wconf 91' lang='lat' dir='ltr'><strong>praeterea</strong></span> <span class='ocrx_word' id='word_1_207' title='bbox 783 3137 849 3207; x_wconf 90' lang='lat' dir='ltr'><strong>si,</strong></span> <span class='ocrx_word' id='word_1_208' title='bbox 879 3154 1029 3210; x_wconf 90' lang='lat' dir='ltr'><strong>quae</strong></span> <span class='ocrx_word' id='word_1_209' title='bbox 1058 3136 1291 3211; x_wconf 89' lang='lat' dir='ltr'><strong>penitus</strong></span> <span class='ocrx_word' id='word_1_210' title='bbox 1323 3134 1670 3209; x_wconf 89' lang='lat' dir='ltr'><strong>corpuscula</strong></span> <span class='ocrx_word' id='word_1_211' title='bbox 1697 3152 1890 3191; x_wconf 91' lang='lat' dir='ltr'><strong>rerum</strong></span> 
     </span>
    </p>

    <p class='ocr_par' dir='ltr' id='par_1_31' title="bbox 453 3225 2274 3302">
     <span class='ocr_line' id='line_1_32' title="bbox 453 3225 2274 3302; baseline -0.004 -15"><span class='ocrx_word' id='word_1_212' title='bbox 453 3248 531 3288; x_wconf 85' lang='lat' dir='ltr'><strong>ex</strong></span> <span class='ocrx_word' id='word_1_213' title='bbox 560 3229 794 3302; x_wconf 88' lang='lat' dir='ltr'><strong>altoque</strong></span> <span class='ocrx_word' id='word_1_214' title='bbox 825 3228 976 3285; x_wconf 85' lang='lat' dir='ltr'><strong>foras</strong></span> <span class='ocrx_word' id='word_1_215' title='bbox 1006 3228 1325 3296; x_wconf 89' lang='lat' dir='ltr'><strong>mittuntur,</strong></span> <span class='ocrx_word' id='word_1_216' title='bbox 1359 3226 1494 3283; x_wconf 87' lang='lat' dir='ltr'><strong>solis</strong></span> <span class='ocrx_word' id='word_1_217' title='bbox 1524 3226 1607 3282; x_wconf 91' lang='lat' dir='ltr'><strong>uti</strong></span> <span class='ocrx_word' id='word_1_218' title='bbox 1635 3225 1734 3281; x_wconf 85' lang='lat' dir='ltr'><strong>lux</strong></span> <span class='ocrx_word' id='word_1_219' title='bbox 2177 3242 2274 3279; x_wconf 87' lang='lat'><strong>200</strong></span> 
     </span>
    </p>

    <p class='ocr_par' dir='ltr' id='par_1_32' title="bbox 452 3314 1858 3394">
     <span class='ocr_line' id='line_1_33' title="bbox 452 3314 1858 3394; baseline -0.004 -17"><span class='ocrx_word' id='word_1_220' title='bbox 452 3339 526 3378; x_wconf 87' lang='lat' dir='ltr'><strong>ac</strong></span> <span class='ocrx_word' id='word_1_221' title='bbox 556 3337 753 3394; x_wconf 85' lang='lat' dir='ltr'><strong>vapor,</strong></span> <span class='ocrx_word' id='word_1_222' title='bbox 783 3318 929 3375; x_wconf 90' lang='lat' dir='ltr'><strong>haec</strong></span> <span class='ocrx_word' id='word_1_223' title='bbox 958 3327 1181 3393; x_wconf 91' lang='lat' dir='ltr'><strong>puncto</strong></span> <span class='ocrx_word' id='word_1_224' title='bbox 1211 3326 1526 3373; x_wconf 89' lang='lat' dir='ltr'><strong>cernuntur</strong></span> <span class='ocrx_word' id='word_1_225' title='bbox 1553 3316 1712 3391; x_wconf 76' lang='lat' dir='ltr'><strong>lapsa</strong></span> <span class='ocrx_word' id='word_1_226' title='bbox 1741 3314 1858 3373; x_wconf 92' lang='lat' dir='ltr'><strong>diei</strong></span> 
     </span>
    </p>

    <p class='ocr_par' dir='ltr' id='par_1_33' title="bbox 450 3405 1752 3488">
     <span class='ocr_line' id='line_1_34' title="bbox 450 3405 1752 3488; baseline -0.003 -21"><span class='ocrx_word' id='word_1_227' title='bbox 450 3428 564 3488; x_wconf 87' lang='lat' dir='ltr'><strong>per</strong></span> <span class='ocrx_word' id='word_1_228' title='bbox 590 3418 779 3468; x_wconf 92' lang='lat' dir='ltr'><strong>totum</strong></span> <span class='ocrx_word' id='word_1_229' title='bbox 810 3409 953 3466; x_wconf 90' lang='lat' dir='ltr'><strong>caeli</strong></span> <span class='ocrx_word' id='word_1_230' title='bbox 985 3408 1234 3482; x_wconf 88' lang='lat' dir='ltr'><strong>spatium</strong></span> <span class='ocrx_word' id='word_1_231' title='bbox 1266 3405 1594 3463; x_wconf 86' lang='lat' dir='ltr'><strong>diffundere</strong></span> <span class='ocrx_word' id='word_1_232' title='bbox 1625 3424 1752 3463; x_wconf 87' lang='lat' dir='ltr'><strong>sese</strong></span> 
     </span>
    </p>

    <p class='ocr_par' dir='ltr' id='par_1_34' title="bbox 449 3496 2002 3578">
     <span class='ocr_line' id='line_1_35' title="bbox 449 3496 2002 3578; baseline -0.003 -20"><span class='ocrx_word' id='word_1_233' title='bbox 449 3518 679 3578; x_wconf 91' lang='lat' dir='ltr'><strong>perque</strong></span> <span class='ocrx_word' id='word_1_234' title='bbox 708 3500 899 3557; x_wconf 89' lang='lat' dir='ltr'><strong>volare</strong></span> <span class='ocrx_word' id='word_1_235' title='bbox 929 3517 1087 3555; x_wconf 89' lang='lat' dir='ltr'><strong>mare</strong></span> <span class='ocrx_word' id='word_1_236' title='bbox 1117 3516 1187 3555; x_wconf 85' lang='lat' dir='ltr'><strong>ac</strong></span> <span class='ocrx_word' id='word_1_237' title='bbox 1216 3507 1392 3554; x_wconf 88' lang='lat' dir='ltr'><strong>terras</strong></span> <span class='ocrx_word' id='word_1_238' title='bbox 1423 3496 1768 3570; x_wconf 88' lang='lat' dir='ltr'><strong>caelumque</strong></span> <span class='ocrx_word' id='word_1_239' title='bbox 1797 3496 2002 3570; x_wconf 89' lang='lat' dir='ltr'><strong>rigare,</strong></span> 
     </span>
    </p>

    <p class='ocr_par' dir='ltr' id='par_1_35' title="bbox 451 3588 1966 3669">
     <span class='ocr_line' id='line_1_36' title="bbox 451 3588 1966 3669; baseline -0.005 -19"><span class='ocrx_word' id='word_1_240' title='bbox 451 3590 601 3669; x_wconf 89' lang='lat' dir='ltr'><strong>quid</strong></span> <span class='ocrx_word' id='word_1_241' title='bbox 630 3608 783 3666; x_wconf 88' lang='lat' dir='ltr'><strong>quae</strong></span> <span class='ocrx_word' id='word_1_242' title='bbox 812 3599 945 3648; x_wconf 91' lang='lat' dir='ltr'><strong>sunt</strong></span> <span class='ocrx_word' id='word_1_243' title='bbox 974 3590 1143 3665; x_wconf 90' lang='lat' dir='ltr'><strong>igitur</strong></span> <span class='ocrx_word' id='word_1_244' title='bbox 1170 3589 1285 3645; x_wconf 89' lang='lat' dir='ltr'><strong>iam</strong></span> <span class='ocrx_word' id='word_1_245' title='bbox 1314 3589 1501 3662; x_wconf 87' lang='lat' dir='ltr'><strong>prima</strong></span> <span class='ocrx_word' id='word_1_246' title='bbox 1529 3588 1717 3645; x_wconf 88' lang='lat' dir='ltr'><strong>fronte</strong></span> <span class='ocrx_word' id='word_1_247' title='bbox 1747 3595 1966 3662; x_wconf 88' lang='lat' dir='ltr'><strong>parata,</strong></span> 
     </span>
    </p>
   </div>
  </div>
 </body>
</html>
