2784 3992
465 308 544 370 72
1147 305 1611 359 LUCRETms
1842 342 1851 353 .
2123 306 2268 377 [111.

459 479 548 527 est
577 469 748 545 igitur
776 470 936 527 calor
965 474 1032 527 ac
1060 479 1266 528 ventus
1293 470 1478 528 vitalis
1508 469 1568 527 in
1598 469 1728 545 ipso

460 578 704 635 corpore
734 562 834 636 qui
863 561 1032 619 nobis
1061 559 1444 618 moribundos
1474 559 1687 617 deserit
1715 569 1889 618 artus·

459 661 814 725 quapropter
841 652 1119 725 quoniam
1149 662 1236 709 est
1265 652 1442 708 animi
1471 660 1675 708 natura
1701 660 1930 725 reperta
2180 674 2272 724 130

457 752 632 816 atque
662 743 890 799 animae
921 742 1084 816 quasi
1114 760 1245 817 pars
1274 741 1545 813 hominiS,
1576 740 1759 798 redde
1790 742 2114 801 harmoniai

456 850 695 904 nomen,
725 831 804 889 ad
831 833 1138 907 organicos
1167 831 1283 889 alto
1313 831 1571 889 delatum
1607 831 1883 889 'Heliconi
1905 853 1923 905 ;

456 922 574 979 sive
603 922 836 980 aliunde
866 923 976 997 ipsi
1004 941 1178 997 porro
1207 932 1431 979 traxere
1460 931 1519 979 et
1547 922 1608 978 in
1636 922 1788 978 illam

454 1004 881 1084 transtulerunt,
911 1014 1147 1088 proprio
1178 1030 1327 1086 quae
1357 1022 1482 1070 tum
1511 1029 1601 1070 res
1631 1012 1870 1069 nomine
1900 1014 2126 1088 egebat.

454 1102 743 1179 quidquid
772 1102 833 1160 id
862 1115 966 1177 est,
998 1104 1287 1161 habeant:
1334 1113 1397 1160 tu
1426 1113 1623 1160 cetera
1649 1104 1887 1178 percipe
1918 1103 2093 1162 dicta.
2177 1123 2263 1176 135

535 1195 712 1253 Nunc
741 1195 1000 1252 animum
1029 1204 1204 1269 atque
1235 1194 1491 1251 animam
1521 1193 1657 1251 dico
1685 1194 2003 1252 coniuncta
2030 1183 2215 1253 teneri

452 1286 600 1343 inter
627 1304 690 1343 se
719 1296 894 1361 atque
924 1304 1099 1344 unam
1129 1295 1391 1352 naturam
1422 1284 1713 1342 conficere
1742 1302 1817 1341 ex
1845 1302 1927 1356 se,

451 1375 557 1433 sed
585 1388 762 1451 caput
789 1395 916 1435 esse
947 1376 1111 1451 quasi
1140 1386 1201 1433 et
1227 1374 1515 1433 dominari
1545 1375 1605 1431 in
1634 1393 1880 1449 corpore
1910 1384 2037 1433 toto

451 1467 757 1524 consilium
784 1466 948 1541 quod
975 1485 1084 1524 nos
1111 1466 1372 1523 animum
1404 1474 1782 1539 mentemque
1812 1483 2107 1524 vocamuS.

448 1555 628 1630 idque
659 1557 831 1615 situm
861 1557 1057 1615 media
1082 1557 1321 1631 regione
1350 1557 1413 1613 in
1440 1556 1695 1630 pectoris
1725 1555 1941 1613 haeret.
2167 1578 2261 1625 140

451 1646 546 1702 hic
576 1647 792 1705 exultat
819 1650 974 1705 enim
1003 1666 1186 1731 pay-or
1212 1665 1283 1704 ac
1312 1656 1521 1728 ηιέῑιε,
1552 1646 1699 1703 haec
1728 1647 1861 1704 loca
1888 1647 2107 1705 circum

448 1736 700 1795 laetitiae
729 1737 986 1795 mulcent
1007 1758 1025 1809 3
1067 1738 1163 1795 hic
1193 1756 1333 1812 ergo
1364 1755 1531 1794 mens
1558 1736 1976 1810 animusquest.

450 1837 645 1885 cetera
673 1845 805 1903 pars
833 1827 1060 1885 animae
1091 1846 1196 1903 per
1223 1837 1413 1885 totum
1444 1826 1645 1885 dissita
1671 1845 1886 1902 corpus

448 1927 611 1991 paret
639 1929 698 1975 et
726 1917 804 1975 ad
831 1936 1045 1975 numen
1077 1919 1288 1976 mentis
1318 1936 1676 1992 momenque
1706 1928 1991 1976 movetur.

447 2006 626 2083 idque
657 2009 766 2067 sibi
793 2008 981 2067 solum
1010 2027 1115 2084 per
1142 2027 1204 2066 se
1233 2010 1400 2083 sapit,
1432 2008 1493 2065 id
1522 2009 1630 2067 sibi
1659 2008 1895 2084 gaudet,
2167 2027 2257 2079 145

448 2116 584 2155 cum
613 2116 808 2173 neque
838 2118 929 2156 res
957 2100 1212 2157 animam
1242 2118 1436 2174 neque
1466 2117 1680 2174 corpus
1709 2107 2046 2157 commovet
2074 2117 2209 2157 una.

447 2198 505 2245 et
534 2190 715 2263 quasi,
746 2208 884 2246 cum
914 2199 1090 2263 caput
1117 2199 1217 2246 aut
1243 2191 1447 2248 oculus
1475 2200 1800 2265 temptante
1831 2186 2033 2248 dolore

444 2279 690 2336 laeditur
717 2279 778 2337 in
807 2280 995 2350 nobis,
1030 2297 1150 2336 non
1178 2282 1338 2337 omni
1367 2281 1811 2339 concruciamur

445 2387 710 2445 corpore,
739 2370 822 2428 sic
851 2370 1079 2427 animus
1107 2388 1555 2445 nonnumquam
1585 2370 1831 2429 laeditur
1859 2371 1985 2447 ipse

443 2460 775 2536 laetitiaque
803 2461 975 2535 viget,
1007 2478 1142 2516 cum
1172 2469 1365 2517 cetera
1392 2479 1524 2535 pars
1553 2462 1767 2519 animai
2161 2480 2254 2533 150

443 2569 548 2625 per
575 2552 839 2609 membra
866 2560 1041 2625 atque
1069 2561 1224 2607 artus
1254 2551 1408 2608 nulla
1436 2552 1691 2609 novitate
1721 2552 1922 2609 cietur.

393 2652 442 2701 Τ
442 2660 642 2698 verum
671 2642 770 2699 ubi
799 2643 1054 2699 vementi
1083 2641 1265 2716 magis
1295 2652 1381 2699 est
1410 2652 1711 2700 commota
1738 2651 1899 2699 metu
1928 2660 2113 2714 mem,

442 2734 771 2789 consentire
799 2734 1054 2790 animam
1084 2743 1266 2791 totam
1295 2750 1403 2807 per
1431 2734 1697 2791 membra
1724 2732 1991 2791 videmus

441 2822 800 2898 sudoresque
831 2824 910 2880 ita
938 2824 1335 2897 palloremque
1365 2823 1610 2880 existere
1639 2832 1767 2881 toto

441 2930 685 2987 corpore
715 2923 774 2971 et
800 2914 1030 2989 infringi
1059 2913 1315 2989 linguam
1343 2930 1673 2987 vocemque
1702 2913 1931 2984 aboriri,
2158 2931 2246 2985 155

441 3004 684 3078 caligare
715 3004 937 3077 ocuIOS,
968 3022 1176 3061 sonere
1205 3004 1373 3074 auriS,
1406 3002 1708 3061 succidere
1737 3013 1909 3075 artuS‚

441 3094 694 3168 denique
725 3095 1039 3153 concidere
1071 3112 1145 3151 ex
1173 3094 1351 3151 animi
1380 3103 1597 3173 tergore
1620 3094 1886 3153 videmus

440 3204 622 3262 saepe
644 3187 911 3245 homines
932 3208 949 3260 3
994 3185 1161 3243 facile
1191 3195 1254 3243 ut
1281 3187 1467 3260 quivis
1497 3187 1634 3244 hinc
1662 3204 1907 3244 noscere
1936 3186 2120 3260 possit

440 3296 567 3337 esse
588 3278 844 3337 animam
869 3296 1006 3334 cum
1029 3277 1227 3334 animo
1249 3276 1644 3348 coniunctam,
1664 3294 1816 3352 quae
1835 3294 1970 3334 cum
1990 3274 2169 3333 animi
2189 3274 2246 3333 vi

438 3380 782 3446 percussast‚
813 3369 968 3427 exim
997 3385 1210 3441 corpus
1239 3367 1510 3442 propellit
1537 3377 1596 3425 et
1624 3367 1741 3425 icit.
2153 3372 2244 3421 160

519 3461 692 3517 Haec
720 3460 930 3518 eadem
957 3459 1104 3517 ratio
1134 3468 1397 3515 naturam
1426 3458 1603 3545 animi
1632 3467 1806 3532 atque
1835 3457 2048 3519 animai

437 3576 782 3635 corpoream
811 3559 992 3617 docet
1018 3577 1146 3617 esse
1170 3578 1184 3628 ;
1225 3559 1327 3617 ubi
1353 3559 1513 3616 enim
1543 3558 1863 3633 propellere
1894 3558 2175 3629 membra,
