2784 3992
457 335 544 397 44
760 302 766 309 ’
1140 332 1604 385 LUCRETIUS
2148 332 2261 401 [11.

457 492 564 553 sed
592 494 729 569 quia
754 512 876 562 non
902 494 1075 569 volgo
1105 494 1264 569 paria
1291 494 1563 553 omnibus
1591 493 1790 551 omnia
1817 502 2106 553 constant.

457 602 570 643 nec
599 585 809 641 mirum
830 605 847 656 3
890 602 1026 641 nam
1058 602 1193 641 cum
1224 585 1296 641 sit
1325 602 1529 641 eorum
1558 584 1731 659 copia
1758 593 1919 641 tanta

457 686 520 735 ut
548 694 742 750 neque
770 675 920 745 finis,
951 676 1034 732 uti
1062 674 1258 747 docui,
1289 693 1482 749 neque
1512 694 1741 733 summa
1768 674 1839 733 sit
1868 675 1998 747 ulla,

457 766 678 825 debent
705 766 979 823 nimirum
1008 783 1129 822 non
1157 766 1429 824 omnibus
1458 766 1655 823 omnia
1682 783 1950 841 prorsum
2168 784 2267 836 340

458 876 584 917 esse
613 857 738 933 pari
765 857 864 914 filo
894 856 1182 931 similique
1210 855 1442 913 adfecta
1468 857 1671 931 figura.

456 957 685 1025 praeter
713 957 807 1005 eat
833 965 1018 1022 genus
1047 946 1370 1005 humanum
1401 956 1713 1021 mutaeque
1741 954 2010 1005 natantes

459 1038 887 1114 squamigerum
914 1037 1179 1114 pecudes
1209 1047 1267 1096 et
1293 1038 1447 1095 laeta
1474 1046 1736 1095 armenta
1763 1037 2037 1112 feraeque

459 1139 518 1188 et
545 1130 734 1187 variae
763 1130 1046 1202 volucreS,
1076 1129 1349 1187 laetantia
1375 1146 1527 1204 quae
1556 1128 1687 1186 loca
1715 1146 1996 1203 aquarum

460 1220 874 1279 concelebrant
901 1220 1121 1278 circum
1150 1220 1304 1295 ripas
1332 1219 1627 1295 fontisque
1656 1219 1952 1295 lacusque,
2168 1237 2263 1289 345

461 1320 520 1369 et
547 1329 697 1386 quae
725 1312 1066 1387 pervolgant
1093 1329 1334 1368 nemora
1361 1311 1489 1368 avia
1516 1310 1929 1386 pervolitantes
1951 1330 1969 1384 3

461 1420 709 1477 quorum
736 1420 920 1459 unum
950 1400 1176 1477 quidvis
1203 1402 1524 1477 generatim
1552 1419 1781 1459 sumere
1809 1419 2006 1477 perge,

461 1494 718 1550 invenies
747 1503 945 1550 tamen
975 1493 1125 1551 inter
1152 1510 1214 1551 se
1245 1490 1473 1551 differre
1501 1492 1715 1567 figuris,

459 1602 573 1641 nec
602 1583 826 1641 ratione
855 1582 967 1641 alia
993 1583 1186 1659 proles
1215 1600 1573 1659 cognoscere
1604 1585 1850 1641 matrem

459 1692 573 1732 nee
601 1684 789 1732 mater
813 1683 1015 1749 posset
1041 1674 1263 1749 prolem
1287 1694 1305 1745 3
1347 1671 1510 1748 quod
1538 1690 1711 1748 posse
1740 1672 2012 1732 videmus
2164 1684 2268 1744 '350

461 1783 574 1823 nec
602 1766 794 1823 minus
823 1774 999 1840 atque
1029 1765 1296 1821 homines
1324 1764 1473 1821 inter
1500 1781 1561 1821 se
1591 1773 1733 1821 nota
1760 1764 1971 1822 cluere.

461 1875 598 1915 nam
627 1874 803 1929 saepe
831 1864 964 1913 ante
994 1854 1173 1912 deum
1201 1854 1411 1911 vitulus
1440 1853 1682 1912 delubra
1709 1853 1925 1912 decora

461 1946 796 2004 turicremas
824 1954 1063 2019 propter
1091 1954 1374 2002 mactatus
1406 1944 1666 2002 concidit
1694 1963 1819 2003 aras

462 2037 754 2111 sanguinis
784 2036 1051 2111 expirans
1079 2035 1336 2094 calidum
1364 2034 1441 2093 de
1471 2045 1709 2109 pectore
1739 2035 1956 2093 flumen
1977 2055 1994 2106 3

462 2136 522 2185 at
547 2135 734 2184 mater
758 2125 955 2183 viridis
984 2125 1159 2184 saltus
1189 2128 1392 2185 orbata
1418 2143 1730 2201 peragrans
2171 2142 2266 2197 355

462 2217 654 2275 noscit
681 2216 841 2273 humi
869 2215 1121 2291 pedibus
1149 2217 1388 2292 vestigia
1417 2234 1613 2291 pressa
1639 2215 1891 2288 bisulcis,

463 2307 999 2365 omniaconvisens
1029 2308 1211 2365 oculis
1239 2307 1372 2364 loca
1400 2307 1447 2364 si
1477 2316 1653 2381 queat
1682 2324 1929 2381 usquam

464 2392 805 2471 conspicere
835 2397 1112 2455 amissum
1141 2397 1340 2469 fetum,
1371 2396 1747 2471 completque
1778 2396 2046 2471 querellis

463 2487 846 2545 frondiferum
876 2505 1084 2545 nemus
1113 2488 1394 2546 absistens
1423 2497 1483 2545 et
1510 2488 1711 2545 crebra
1737 2488 1929 2545 revisit

464 2578 541 2635 ad
570 2578 858 2636 stabulum
888 2576 1181 2637 desiderio
1208 2578 1431 2653 perfixa
1458 2578 1704 2648 iuvenci,
2173 2583 2272 2649 360

464 2687 577 2726 nec
605 2678 838 2726 tenerae
866 2669 1069 2727 salices
1098 2679 1273 2744 atque
1303 2669 1519 2727 herbae
1547 2686 1675 2729 rore
1706 2668 1966 2743 vigentes

465 2760 821 2833 fluminaque
850 2760 946 2817 illa
973 2769 1196 2835 queunt
1223 2760 1467 2817 summis
1495 2760 1747 2817 labentia
1773 2759 1911 2834 ripis

468 2849 761 2907 oblectare
789 2850 1047 2907 animum
1076 2851 1444 2925 subitamque
1474 2859 1728 2907 avertere
1758 2868 1975 2922 curam,

467 2958 579 2997 nec
608 2939 912 2997 vitulorum
943 2942 1087 2998 aliae
1118 2941 1344 3015 species
1373 2959 1479 3015 per
1506 2940 1719 3015 pabula
1746 2940 1897 2997 laeta
1958 2972 1967 2979 ·

468 3031 726 3088 derivare
757 3040 977 3104 queunt
1005 3032 1266 3089 animum
1295 3050 1547 3105 curaque
1575 3031 1766 3088 levare
1790 3052 1803 3089 :
2175 3036 2269 3102 365
2590 3056 2619 3061 -

467 3138 652 3195 usque
683 3120 835 3178 adeo
865 3121 1147 3195 quiddam
1176 3123 1476 3196 proprium
1504 3132 1828 3196 notumque
1857 3120 2113 3196 requirit.

467 3221 768 3287 praeterea
795 3213 979 3270 teneri
1008 3212 1266 3271 tremulis
1296 3232 1433 3270 cum
1460 3213 1701 3270 vocibus
1731 3211 1907 3269 haedi

469 3302 798 3377 cornigeras
827 3312 1042 3359 norunt
1070 3312 1280 3360 matres
1309 3303 1558 3378 agnique
1587 3302 1804 3378 petulci

468 3395 766 3454 balantum
794 3394 1058 3471 pecudes
1083 3418 1094 3453 :
1141 3396 1237 3470 ita,
1269 3395 1435 3471 quod
1460 3405 1663 3454 natura
1690 3396 1966 3472 reposcit,

471 3486 548 3544 ad
575 3506 680 3545 sua
708 3486 956 3562 quisque
984 3486 1103 3545 fere
1134 3485 1448 3544 decurrunt
1476 3487 1655 3545 ubera
1681 3487 1864 3545 lactis,
2175 3506 2273 3557 370

470 3586 769 3652 postremo
799 3576 1047 3652 quodvis
1075 3578 1426 3636 frumentum
1457 3596 1577 3634 non
1606 3587 1803 3635 tamen
1832 3596 2008 3634 omne
