2784 3992
536 320 684 395 ιη]
1027 316 1137 376 DE
1187 316 1478 376 RERUM
1533 316 1876 379 NATURA
2269 317 2346 394 51·

614 485 872 542 Primum
895 485 1155 542 animum
1177 482 1333 557 dice,
1357 494 1617 543 mentem
1641 505 1816 562 quam
1848 509 2022 565 saepe
2045 509 2345 563 vocamUS,

530 575 591 633 in
617 594 737 651 quo
765 576 1077 653 consilium
1103 576 1253 633 vitae
1283 576 1666 651 regimenque
1691 578 1948 637 locatum
1978 590 2088 652 est,-
2275 602 2342 656 95

528 684 655 724 esse
684 667 937 725 hominis
964 675 1189 741 partem
1218 667 1338 725 nilo
1366 666 1560 725 minus
1588 686 1658 725 ac
1687 688 1894 727 manus
1923 681 1981 727 et
2012 690 2121 745 pes

527 766 699 831 atque
728 757 920 814 oculei
948 766 1142 831 partes
1168 757 1478 817 animantis
1505 758 1681 815 totius
1711 769 1924 817 extant.

524 954 759 995 sensum
789 938 968 996 animi
997 948 1157 996 certa
1180 956 1303 999 non
1331 956 1461 996 esse
1489 939 1552 996 in
1579 948 1744 1016 parte
1770 940 2050 1011 locatum,

523 1046 723 1086 verum
753 1030 1017 1088 habitum
1046 1028 1345 1104 quendam
1372 1029 1608 1087 vitalem
1635 1032 1898 1105 corporis
1929 1050 2076 1103 esse,

522 1118 886 1178 harmoniam
917 1119 1057 1179 Grai
1087 1139 1264 1196 quam
1294 1118 1517 1190 dicunt,
1549 1119 1711 1194 quod
1742 1121 1915 1182 saclat
1943 1140 2052 1181 nos
2244 1144 2337 1182 100

522 1211 711 1270 vivere
740 1230 877 1269 cum
907 1230 1101 1283 sensu,
1131 1211 1288 1269 nulla
1306 1230 1446 1268 cum
1473 1210 1537 1268 in
1563 1221 1726 1286 parte
1759 1212 1867 1270 siet
1895 1230 2062 1273 mens
2086 1233 2104 1285 ;

520 1310 583 1359 ut
608 1303 768 1361 bona
795 1320 973 1377 saepe
1003 1300 1278 1359 valetudo
1306 1321 1444 1359 cum
1473 1300 1686 1359 dicitur
1713 1320 1841 1361 esse

519 1394 795 1468 corporiS,
828 1403 888 1451 et
912 1411 1037 1450 non
1064 1402 1155 1451 est
1180 1401 1379 1451 tamen
1407 1392 1555 1451 haec
1584 1410 1719 1468 pars
1747 1393 1864 1451 ulla
1890 1394 2152 1455 valentis·

519 1481 601 1540 sic
628 1484 807 1541 animi
834 1502 1072 1541 sensum
1100 1501 1224 1541 non
1250 1493 1410 1541 certa
1435 1493 1600 1559 parte
1629 1495 1927 1559 reponunt
1946 1506 1963 1558 3

517 1591 731 1648 magno
752 1591 933 1648 opere
962 1574 1023 1631 in
1051 1592 1173 1650 quo
1200 1573 1280 1632 mi
1310 1573 1522 1632 diversi
1549 1594 1739 1635 errare
1766 1576 2055 1634 videntur.
2234 1595 2326 1648 105

516 1681 689 1738 saepe
720 1664 935 1738 itaque,
964 1664 1026 1721 in
1054 1673 1331 1739 promptu
1360 1682 1572 1740 corpus
1601 1665 1765 1741 quod
1795 1667 2067 1739 cemitur‚
2097 1679 2312 1742 aegret,

514 1773 649 1813 cum
677 1764 875 1812 tamen
904 1772 978 1812 ex
1004 1754 1115 1811 alla
1140 1754 1425 1811 laetamur
1451 1766 1616 1829 parte
1644 1756 1844 1815 latenti
1863 1778 1884 1831 3

513 1856 572 1903 et
596 1856 753 1904 retro
781 1845 847 1903 fit
874 1846 957 1904 uti
989 1854 1192 1903 contra
1220 1846 1294 1902 sit
1320 1863 1498 1919 saepe
1525 1846 1800 1920 vicissim,

512 1955 644 1994 cum
672 1936 851 1996 miser
877 1954 952 1993 ex
978 1935 1176 1993 animo
1204 1934 1450 1992 laetatur
1476 1954 1724 2011 corpore
1753 1948 1882 1997 toto
1901 1958 1921 2014 ;

510 2046 630 2085 non
656 2028 771 2086 alio
800 2036 980 2102 pacto
1009 2044 1187 2101 quam
1215 2026 1283 2098 si,
1313 2044 1421 2101 pes
1448 2045 1586 2084 cum
1615 2026 1778 2086 dolet
1806 2028 1982 2105 aegri,
2233 2053 2326 2087 110

510 2115 566 2173 in
596 2118 753 2174 nullo
782 2127 963 2193 caput
990 2117 1211 2174 interea
1237 2116 1312 2174 sit
1338 2116 1486 2174 forte
1515 2115 1812 2200 dolore-2„-

509 2217 807 2280 praeterea
832 2207 997 2265 molli
1024 2226 1161 2264 cum
1190 2226 1404 2265 somno
1433 2206 1637 2265 dedita
1664 2211 1930 2269 membra

509 2296 871 2372 effusumque
899 2298 1053 2356 iacet
1078 2298 1203 2356 sine
1230 2316 1406 2356 sensu
1434 2317 1648 2373 corpus
1675 2299 2011 2374 honustum,

508 2397 593 2445 est
618 2387 779 2445 aliud
805 2398 1005 2447 tamen
1031 2388 1093 2446 in
1120 2389 1291 2447 nobis
1320 2387 1488 2464 quod
1511 2398 1780 2465 tempore
1807 2392 1867 2448 in
1897 2392 1994 2449 illo

507 2478 865 2537 multimodis
893 2480 1138 2555 agitatur
1165 2489 1225 2537 et
1252 2479 1445 2537 omnis
1473 2480 1690 2556 accipit
1717 2481 1779 2538 in
1807 2500 1870 2540 se
2230 2505 2248 2539 1
2264 2503 2317 2554 15

506 2567 756 2626 laetitiae
786 2580 979 2628 motus
1009 2579 1069 2627 et
1096 2588 1264 2629 curas
1293 2570 1490 2628 cordis
1519 2570 1724 2629 inanis,

504 2676 661 2716 nunc
688 2660 945 2735 animam
971 2678 1210 2735 quoque
1238 2669 1305 2717 ut
1331 2660 1392 2717 in
1421 2662 1697 2719 membris
1728 2680 2088 2737 cognoscere
2118 2665 2303 2737 possis

504 2768 628 2808 esse
657 2768 855 2825 neque
884 2750 1189 2808 harmonia
1216 2769 1432 2826 corpus
1460 2752 1674 2809 sentire
1703 2751 1908 2825 solere,

501 2841 791 2916 principio
819 2841 886 2898 fit
911 2842 995 2899 uti
1022 2840 1287 2900 detracto
1316 2860 1565 2917 corpore
1595 2842 1780 2899 multo

502 2949 675 3007 saepe
706 2941 906 2989 tamen
932 2932 1100 2991 nobis
1127 2932 1189 2990 in
1218 2932 1494 2990 membris
1522 2933 1640 2989 vita
1668 2943 1927 2990 moretur
1945 2954 1964 3005 ;
2227 2956 2318 2990 120

501 3031 674 3096 atque
706 3021 920 3079 eadem
945 3041 1189 3097 rursum,
1220 3042 1358 3080 cum
1386 3042 1637 3098 corpora
1663 3041 1855 3097 pauca
1882 3023 2087 3081 caloris

500 3111 783 3189 diffugere
813 3102 1079 3188 forasque
1107 3131 1215 3188 per
1242 3132 1309 3171 os
1338 3123 1428 3171 est
1455 3112 1646 3170 editus
1675 3112 1790 3185 aer,

499 3202 715 3261 deserit
744 3204 1039 3278 extemplo
1065 3222 1245 3261 venas
1274 3213 1451 3278 atque
1481 3221 1615 3261 ossa
1641 3203 1914 3279 relinquit
1934 3224 1953 3277 3

498 3311 743 3351 noscere
773 3303 840 3351 ut
864 3293 1000 3350 hinc
1027 3293 1215 3369 possis
1245 3313 1369 3352 non
1397 3312 1616 3369 aequas
1643 3293 1844 3352 omnia
1871 3295 2050 3369 partis

498 3402 748 3460 corpora
778 3384 993 3442 habere
1020 3402 1216 3460 neque
1246 3402 1321 3441 ex
1346 3402 1543 3459 aequo
1571 3384 1772 3442 fulcire
1801 3384 2070 3456 salutem,
2229 3402 2314 3454 125

497 3473 605 3533 sed
631 3474 821 3551 magis
850 3474 1015 3546 haec,
1041 3475 1202 3533 venti
1230 3493 1383 3550 quae
1414 3484 1549 3534 sunt
1576 3474 1869 3550 calidique
1898 3474 2130 3549 vaporis

496 3568 744 3639 semina,
773 3584 975 3623 curare
1002 3566 1063 3624 in
1088 3554 1367 3625 membris
1397 3576 1463 3624 ut
1488 3566 1608 3623 vita
1633 3575 1910 3622 moretur.
