2784 3992
984 836 1053 895 Τ.
1099 836 1481 897 LUORETI
1538 835 1747 897 CARI

755 998 908 1115 DE
994 1028 1408 1114 RERUM
1489 1036 1982 1113 NATURA

1021 1254 1261 1306 LIBER
1314 1252 1719 1321 QUARTUS.

1279 1420 1482 1452 —0—

464 1552 641 1633 [Avia
669 1553 961 1611 Pieridum
989 1569 1234 1627 peragro
1262 1552 1395 1609 loca
1423 1551 1631 1608 nullius
1661 1561 1798 1610 ante

460 1647 593 1703 trita
619 1645 763 1703 solo.
795 1644 950 1701 iuvat
978 1644 1232 1717 integros
1260 1640 1548 1699 accedere
1576 1642 1753 1699 fontis

460 1745 634 1811 atque
665 1735 909 1806 haurire,
939 1734 1211 1808 iuvatque
1241 1751 1428 1790 novos
1457 1731 1778 1807 decerpere
1807 1732 1978 1793 flores

459 1827 863 1901 insignemque
893 1842 1029 1882 meo
1058 1824 1236 1899 capiti
1264 1833 1466 1898 petere
1496 1822 1635 1881 inde
1665 1842 1946 1883 coronam

458 1916 617 1975 unde
646 1917 801 1991 prius
829 1916 967 1973 nulli
994 1915 1235 1973 velarint
1263 1924 1528 1989 tempora
1555 1933 1757 1974 musae
1778 1936 1796 1988 3

458 2009 710 2083 primum
740 2006 902 2081 quod
932 2006 1154 2081 magnis
1184 2005 1377 2063 doceo
1406 2004 1482 2063 de
1511 2006 1685 2064 rebus
1714 2015 1774 2065 et
1800 2006 1934 2065 artis

458 2098 799 2173 religionum
829 2098 1088 2154 animum
1118 2095 1289 2154 nodis
1318 2095 1619 2155 exsolvere
1649 2115 1849 2172 perg0,

460 2188 678 2247 deinde
708 2188 871 2262 quod
899 2188 1146 2246 obscura
1175 2186 1251 2244 de
1279 2204 1342 2243 re
1370 2196 1494 2244 tam
1523 2186 1722 2246 lucida
1748 2204 1946 2264 pango

458 2280 734 2351 carmina,
763 2296 1002 2336 musaeo
1032 2278 1378 2352 contingens
1407 2287 1624 2335 cuncta
1650 2278 1869 2354 lepore.

456 2369 520 2427 id
547 2387 784 2444 quoque
814 2369 967 2426 enim
997 2385 1119 2425 non
1146 2368 1221 2426 ab
1247 2368 1407 2425 nulla
1431 2369 1657 2431 natione
1683 2368 1948 2441 videtur;

457 2478 593 2517 nam
624 2460 797 2517 veluti
825 2459 1018 2534 pueris
1048 2457 1335 2516 absinthia
1362 2468 1548 2518 taetra
1573 2459 1880 2518 medentes

458 2569 595 2607 cum
624 2550 761 2607 dare
792 2559 1092 2619 conantur,
1122 2549 1279 2624 prius
1309 2568 1440 2609 oras
1467 2551 1682 2627 pocula
1709 2550 1931 2609 circum

458 2642 805 2716 contingunt
832 2640 1015 2697 mellis
1044 2640 1199 2698 dulci
1229 2640 1497 2716 flavoque
1526 2641 1766 2715 liquore,

455 2741 520 2789 ut
549 2750 861 2806 puerorum
890 2741 1048 2789 aetas
1076 2731 1381 2806 inprovida
1410 2732 1738 2791 ludificetur

356 2884 363 2890 .
455 2822 745 2880 labrorum
776 2834 963 2891 tenuS,
994 2822 1215 2880 interea
1242 2832 1516 2898 perpotet
1546 2841 1808 2880 amarum

456 2913 706 2971 absinthi
732 2913 965 2969 laticem
994 2912 1365 2988 deceptaque
1395 2931 1517 2970 non
1546 2913 1822 2987 capiatur,

456 3002 563 3062 sed
591 3004 785 3077 potius
813 3003 911 3060 tali
940 3013 1115 3077 pacto
1144 3013 1404 3061 recreata
1429 3003 1703 3074 valescat,

456 3095 538 3151 sic
567 3111 679 3168 ego
707 3112 883 3164 nune,
915 3095 1192 3168 quoniam
1221 3094 1367 3151 haec
1395 3094 1542 3151 ratio
1570 3094 1912 3168 plerumque
1941 3090 2171 3150 videtur

455 3185 667 3242 tristior
694 3202 822 3242 esse
853 3185 1063 3258 quibus
1093 3203 1211 3241 non
1242 3193 1330 3241 est
1357 3193 1617 3256 tractata,
1649 3192 1918 3258 retroque

453 3275 657 3350 volgus
685 3264 958 3333 ab'horret
985 3275 1060 3333 ab
1089 3275 1215 3345 hae,
1246 3275 1400 3331 volui
1429 3275 1531 3332 tibi
1560 3272 1982 3348 suaviloquenti

454 3366 712 3425 carmine
743 3366 931 3423 Pierio
959 3366 1241 3423 rationem
1272 3383 1566 3439 exponere
1595 3373 1850 3422 nostram

454 3466 515 3516 et
541 3457 707 3532 quasi
735 3474 976 3514 musaeo
1005 3454 1162 3513 dulei
1190 3455 1524 3530 contingere
1556 3455 1744 3527 melle,

455 3549 504 3606 si
531 3549 634 3609 tibi
663 3549 809 3606 forte
839 3547 1095 3604 animum
1126 3546 1220 3603 tali
1249 3546 1471 3603 ratione
1502 3555 1700 3603 tenere

2213 2390 2276 2427 10

2208 3294 2275 3329 20
