2784 3992
532 338 647 412 ΙΙ.]
1015 338 1123 391 DE
1178 338 1472 392 RERUM
1529 337 1878 393 NATURA

532 504 985 578 inmensumque
1014 512 1211 579 patere
1241 503 1302 560 in
1329 512 1572 561 cunctas
1599 502 1862 578 undique
1891 502 2072 579 partis

531 596 791 671 pluribus
818 593 1052 657 ostendi
1082 604 1141 652 et
1170 604 1329 651 certa
1355 595 1579 651 ratione
1608 596 1992 668 probatumst.

532 686 694 761 quod
723 686 1002 761 quoniam
1032 694 1278 756 constat,
1309 686 1580 742 nimirum
1610 685 1766 743 nulla
1794 686 1960 759 quies
1989 694 2078 744 est

530 775 762 835 reddita
788 776 1129 851 corporibus
1158 776 1357 859 primis
1385 793 1493 849 per
1520 775 1694 832 inane
1725 775 2104 849 profundum,

531 865 639 926 sed
667 868 849 942 magis
878 866 1127 924 adsiduo
1155 867 1431 939 varioque
1462 866 1716 923 exercita
1743 876 1907 925 motu

531 957 739 1034 partim
767 957 1075 1015 intervallis
1102 956 1325 1031 magnis
1355 955 1614 1013 confulta
1638 956 1935 1028 resultant,

530 1066 663 1123 pars
693 1047 866 1105 etiam
894 1047 1166 1106 brevibus
1194 1046 1390 1121 spatiis
1419 1055 1699 1103 vexantur
1725 1047 1800 1103 ab
1830 1047 1970 1105 ictu.

532 1148 592 1196 et
620 1155 1027 1213 quaecumque
1057 1137 1240 1212 magis
1268 1130 1576 1194 condenso
1606 1138 1920 1196 conciliatu

532 1229 752 1304 exiguis
778 1228 1086 1286 intervallis
1114 1236 1403 1285 convecta
1427 1227 1726 1299 resultant,

530 1320 873 1395 indupedita
900 1319 1016 1377 suis
1043 1318 1333 1394 perplexis
1361 1318 1492 1393 ipsa
1518 1317 1732 1394 figuriS‚
2001 1372 2047 1425 s

530 1410 678 1468 haec
704 1409 923 1468 validas
952 1409 1074 1467 saxi
1103 1407 1332 1467 radices
1360 1417 1422 1466 et
1449 1408 1570 1493 sera
1597 1409 1730 1491 ferri
1803 1410 1850 1469 f,
1869 1442 1929 1463 ..ι
1957 1450 1964 1460 .
1997 1438 2032 1456 ›-
2069 1424 2084 1441 ·
2115 1422 2137 1437 ⁴

529 1519 778 1576 corpora
805 1500 1165 1558 constituunt
1192 1508 1253 1557 et
1279 1506 1478 1556 cetera
1503 1488 1581 1556 de
1607 1486 1824 1575 'genere
1854 1493 2061 1558 horum

530 1592 779 1667 paucula
804 1609 954 1665 quae
983 1608 1158 1665 porro
1186 1606 1466 1665 magnum
1495 1608 1601 1664 per
1626 1590 1800 1648 inane
1828 1600 2125 1666 vagantur.

531 1692 725 1740 cetera
751 1679 1038 1740 dissiliunt
1065 1681 1238 1756 longe
1268 1680 1564 1755 longeque
1592 1690 1895 1739 recursant

529 1773 589 1832 in
618 1772 841 1848 magnis
870 1771 1176 1829 intervallis
1200 1792 1212 1829 ε
1260 1770 1407 1828 haec
1437 1771 1571 1829 aera
1597 1790 1788 1829 rarum

530 1863 821 1923 sufficiunt
850 1859 1019 1920 nobis
1050 1871 1108 1919 et
1136 1860 1446 1936 splendida
1472 1861 1690 1919 lumina
1717 1861 1872 1921 solis,

529 1955 827 2028 multaque
854 1962 1155 2028 praeterea
1180 1971 1458 2027 magnum
1487 1970 1593 2027 per
1619 1952 1791 2010 inane
1820 1946 2118 2027 vagantur,

527 2044 791 2103 conciliis
818 2062 1008 2102 rerum
1038 2062 1189 2117 quae
1219 2052 1352 2100 sunt
1380 2043 1596 2100 reiecta
1624 2061 1738 2100 nec
1766 2061 2010 2117 usquam

528 2136 867 2194 consociare
897 2134 1072 2192 etiam
1101 2143 1293 2191 motus
1321 2142 1567 2209 potuere
1597 2143 1852 2208 recepta.

525 2226 712 2297 cuiuS,
741 2226 825 2283 uti
853 2242 1137 2294 memoro,
1166 2224 1249 2281 rei
1278 2224 1648 2281 simulacrum
1679 2234 1736 2281 et
1765 2224 1960 2300 imago

527 2327 665 2376 ante
695 2316 900 2375 oculos
929 2333 1162 2389 semper
1189 2316 1359 2373 nobis
1386 2324 1646 2372 versatur
1672 2325 1731 2372 et
1757 2316 1948 2374 instat.

525 2405 955 2483 contemplator
981 2405 1158 2477 enim,
1188 2423 1325 2462 cum
1354 2406 1490 2463 solis
1517 2404 1736 2461 lumina
1763 2422 2018 2480 cumque

524 2498 723 2557 inserti
751 2495 1004 2556 fundunt
1030 2496 1173 2554 radii
1205 2513 1311 2570 per
1339 2513 1530 2570 opaca
1557 2494 1868 2553 domorum
1892 2516 1906 2553 z

525 2589 706 2648 multa
734 2588 956 2646 minuta
984 2586 1177 2645 modis
1206 2586 1399 2643 multis
1429 2604 1533 2660 per
1561 2585 1735 2643 inane
1764 2584 1988 2645 videbis

524 2698 774 2756 corpora
801 2678 1030 2737 misceri
1058 2675 1352 2734 radiorum
1382 2676 1602 2734 lumine
1631 2676 1691 2733 in
1721 2676 1853 2751 ipso

524 2781 582 2828 et
611 2771 767 2829 velut
794 2780 1035 2828 aeterno
1064 2767 1381 2849 certamine
1411 2766 1633 2842 proelia
1659 2784 1886 2841 pugnas

523 2859 699 2919 edere
728 2860 1019 2918 turmatim
1051 2858 1331 2917 certantia
1356 2875 1472 2915 nec
1501 2855 1640 2914 dare
1670 2874 1932 2933 pausam,

521 2951 783 3009 conciliis
812 2960 871 3008 et
899 2948 1157 3008 discidiis
1188 2948 1444 3007 exercita
1470 2947 1685 3005 crebris
1707 2967 1726 3019 3
1765 2962 1772 2967 ·

521 3042 793 3099 conicere
822 3049 887 3098 ut
913 3040 1099 3116 possis
1127 3058 1201 3097 ex
1228 3039 1362 3110 hoc,
1391 3037 1711 3114 primordia
1735 3056 1928 3097 rerum

520 3131 693 3205 quale
723 3131 795 3188 sit
822 3130 881 3187 in
910 3149 1126 3205 magno
1157 3130 1355 3188 iactari
1384 3145 1619 3204 semper
1644 3128 1822 3187 inani.

520 3220 825 3279 dumtaxat
851 3238 1040 3279 rerum
1069 3239 1409 3296 magnarum
1439 3237 1616 3295 parva
1641 3228 1838 3295 potest
1862 3237 1956 3279 res

520 3311 852 3386 exemplare
882 3310 1021 3368 dare
1050 3320 1109 3369 et
1136 3311 1376 3385 vestigia
1403 3308 1648 3369 notitiai.

2268 341 2348 407 37

2281 704 2344 759 95

2255 1159 2346 1195 100

2247 1610 2339 1661 ¹03

2248 2064 2340 2100 110

2245 2514 2335 2568 1¹5

2240 2968 2336 3005 120

520 3402 639 3461 hoc
667 3401 843 3459 etiam
870 3401 1052 3477 magis
1080 3400 1227 3459 haec
1255 3401 1516 3458 animum
1543 3412 1603 3458 te
1631 3398 1933 3458 advertere
1960 3417 2068 3476 par
2093 3408 2180 3457 est
2237 3418 2323 3469 125

519 3510 773 3568 corpora
799 3510 950 3567 quae
979 3491 1041 3549 in
1067 3491 1201 3549 solis
1230 3489 1404 3569 radiis
1431 3491 1662 3549 turbare
1689 3488 1978 3562 videntur,

521 3582 685 3659 quod
712 3583 857 3641 taies
884 3583 1086 3641 turbae
1116 3592 1311 3640 motus
1338 3600 1576 3656 quoque
1605 3581 1865 3639 materiai
