2784 3992
463 320 595 393 vl.]
951 321 1060 373 DE
1113 320 1410 373 RERUM
1465 320 1809 374 NATURA
2159 308 2280 389 189

463 491 521 539 et
548 479 762 539 validas
790 489 968 556 auget
994 479 1127 538 viris
1155 489 1215 538 et
1241 479 1476 538 roborat
1505 480 1705 539 ictum.

463 588 596 628 nam
626 572 760 629 facit
787 580 852 629 ut
880 589 1030 645 quae
1059 571 1172 629 sint
1202 570 1347 629 illius
1374 572 1601 628 semina
1626 589 1884 646 cumque

464 680 497 719 e
524 662 759 737 regione
788 662 986 719 locum
1015 662 1179 735 quasi
1208 661 1269 718 in
1300 679 1482 718 unum
1509 672 1724 718 cuncta
1749 662 2021 736 ferantur,

465 754 661 811 omnia
689 751 990 810 coniciens
1021 753 1079 809 in
1107 770 1245 809 eum
1272 752 1564 809 volventia
1590 770 1843 812 cursum.
2181 770 2276 825 345

466 844 699 900 forsitan
730 861 803 900 ex
832 836 963 918 ipso
990 843 1231 901 veniens
1259 842 1447 901 trahat
1473 842 1606 899 aere
1636 842 1930 917 quaedam

466 952 711 1007 corpora
738 951 889 1007 quae
920 933 1101 1008 plagis
1130 931 1457 991 incendunt
1485 932 1886 993 mobilitatem.

469 1024 888 1098 incolumisque
917 1024 1077 1081 venit
1106 1041 1211 1098 per
1237 1040 1329 1081 res
1359 1033 1536 1097 atque
1564 1023 1787 1099 integra
1814 1024 2017 1083 transit

465 1114 663 1185 multa,
695 1114 1071 1173 foraminibus
1100 1112 1353 1189 liquidus
1383 1114 1524 1188 quia
1550 1114 1861 1173 transvolat
1890 1115 2055 1190 igniS.

466 1205 761 1279 multaque
792 1204 1109 1280 perfringit,
1144 1222 1282 1261 cum
1310 1222 1560 1279 corpora
1587 1204 1840 1263 fulminis
1868 1206 1996 1281 ipsa
2181 1222 2282 1277 350

464 1296 804 1371 corporibus
832 1314 1025 1353 rerum
1055 1293 1406 1367 inciderunt,
1437 1312 1555 1369 qua
1583 1303 1742 1353 texta
1771 1305 2059 1355 tenentur.

463 1386 729 1445 dissoluit
756 1405 931 1460 porro
960 1385 1128 1443 facile
1156 1403 1257 1443 aes
1284 1403 1608 1460 aurumque
1637 1396 1880 1461 repente

464 1477 898 1554 confervefacit,
922 1494 954 1534 e
984 1475 1172 1552 parvis
1202 1476 1340 1551 quia
1367 1476 1523 1534 facta
1550 1476 1772 1535 minute

462 1568 803 1642 corporibus
830 1568 915 1625 vis
943 1576 1032 1625 est
1060 1576 1119 1624 et
1145 1567 1367 1625 levibus
1397 1584 1473 1624 ex
1500 1567 1824 1640 elementis,

463 1676 612 1733 quae
642 1658 809 1715 facile
839 1658 1200 1716 insinuantur
1226 1666 1286 1715 et
1315 1658 1603 1715 insinuata
1629 1667 1874 1732 repente
2182 1678 2212 1729 3
2216 1675 2244 1729 5
2248 1674 2278 1730 5

462 1747 785 1806 dissoluont
815 1748 1007 1806 nodos
1035 1747 1227 1806 omnis
1256 1758 1317 1807 et
1343 1748 1536 1805 vincla
1562 1748 1837 1807 relaxant.

462 1848 861 1913 autumnoque
891 1839 1075 1914 magis
1104 1838 1281 1896 stellis
1310 1838 1660 1912 fulgentibus
1689 1849 1828 1912 apta

463 1930 797 1988 concutitur
824 1929 969 1987 caeli
999 1928 1212 1987 domus
1242 1927 1502 2003 undique
1533 1937 1770 2003 totaque
1802 1929 1985 2002 telluS‚

465 2030 523 2078 et
550 2038 687 2077 cum
718 2031 980 2095 tempora
1009 2037 1071 2077 se
1102 2019 1249 2078 veris
1278 2018 1545 2077 florentia
1572 2017 1857 2094 pandunt.

462 2111 669 2186 frigore
700 2109 856 2168 enim
888 2109 1099 2168 desunt
1129 2110 1294 2186 ignes
1323 2110 1602 2185 ventique
1631 2110 1825 2167 calore
2180 2116 2282 2181 360

466 2201 746 2259 deficiunt
775 2219 967 2276 neque
998 2210 1134 2259 sunt
1162 2210 1281 2258 tam
1309 2199 1498 2258 denso
1529 2218 1775 2275 corpore
1805 2201 2010 2260 nubes,

463 2293 887 2367 interutrasque
914 2292 1085 2367 igitur
1110 2309 1248 2349 cum
1276 2290 1422 2348 caeli
1454 2302 1720 2366 tempora
1749 2300 2039 2363 constant,

461 2392 584 2439 tum
612 2383 801 2440 variae
832 2400 1042 2440 causae
1069 2391 1426 2440 concurrunt
1455 2382 1710 2440 fulminis
1739 2400 1965 2441 omnes.

461 2491 595 2530 nam
625 2473 805 2531 fretus
832 2473 956 2547 ipse
986 2473 1119 2530 anni
1152 2473 1467 2547 permiscet
1496 2473 1670 2547 frigus
1702 2481 1762 2530 et
1791 2484 2036 2545 aestum,

462 2582 709 2639 quorum
724 2574 1034 2639 utrumque
1048 2582 1199 2638 opus
1214 2573 1303 2621 est
1317 2562 1654 2621 fabricanda
1665 2561 1741 2620 ad
1761 2563 2001 2621 fulmina
2011 2563 2172 2637 nubi,
2182 2568 2276 2635 365

460 2665 525 2712 ut
553 2652 849 2713 discordia
877 2653 948 2711 sit
976 2672 1167 2711 rerum
1197 2671 1530 2728 magnoque
1559 2654 1810 2711 tumultu

463 2743 687 2820 ignibus
716 2754 776 2802 et
804 2744 988 2802 ventis
1018 2742 1359 2803 furibundus
1388 2744 1630 2802 fluctuet
1657 2748 1776 2803 aer.

460 2836 647 2910 prima
675 2834 883 2892 caloris
911 2834 1068 2892 enim
1099 2853 1229 2909 pars
1259 2844 1316 2892 et
1346 2844 1645 2909 postrema
1671 2834 1891 2909 rigoriS,

462 2936 695 3000 tempus
723 2924 785 2982 id
813 2934 901 2983 est
926 2943 1169 2982 vernum
1191 2946 1209 2997 3
1246 2943 1424 2999 quare
1455 2942 1713 2999 pugnare
1744 2932 2041 2983 necessest

461 3015 750 3074 dissimilis
777 3033 869 3073 res
898 3016 1044 3073 inter
1071 3034 1133 3073 se
1161 3016 1509 3089 turbareque
1539 3016 1762 3073 mixtas.
2181 3035 2282 3086 370

464 3116 524 3164 et
551 3106 712 3163 calor
740 3114 1031 3164 extremus
1060 3106 1249 3180 primo
1279 3125 1416 3163 cum
1444 3106 1651 3180 frigore
1681 3105 1894 3163 mixtus

461 3196 724 3267 volvitur,
754 3196 1016 3253 autumni
1047 3196 1208 3271 quod
1237 3196 1413 3254 fertur
1439 3197 1678 3254 nomine
1708 3206 1958 3271 tempuS,

462 3287 558 3345 hic
588 3304 828 3362 quoque
856 3287 1177 3361 confligunt
1204 3287 1429 3345 hiemes
1457 3287 1773 3345 aestatibus
1802 3304 1985 3345 acres·

462 3387 777 3454 propterea
802 3377 947 3435 freta
974 3387 1107 3435 sunt
1134 3377 1281 3435 haec
1310 3378 1450 3436 anni
1481 3377 1905 3450 nominitanda,

462 3487 576 3527 nec
607 3469 893 3541 mirumst,
922 3468 982 3526 in
1014 3486 1086 3526 eo
1115 3469 1161 3526 si
1191 3478 1458 3543 tempore
1487 3469 1735 3544 plurima
1763 3469 1908 3525 fiunt
2182 3482 2276 3536 375

462 3560 707 3621 fulmina
734 3569 1165 3635 tempestasque
1196 3560 1381 3618 cietur
1408 3559 1641 3619 turbida
1667 3560 1851 3631 cae10,
