2784 3992
517 338 625 409 η]
996 339 1104 390 DE
1159 338 1452 392 RERUM
1508 337 1852 391 NATURA
2239 342 2327 405 49

512 494 746 559 naribus
775 501 1007 559 auribus
1034 512 1209 577 atque
1240 503 1425 561 oculis
1454 503 1685 578 orisque
1715 503 1930 579 sapori.

512 609 663 666 quae
691 592 971 666 quoniam
1001 610 1123 651 non
1151 603 1301 664 sunt,
1332 592 1440 651 sed
1464 595 1641 652 rebus
1669 593 1900 652 reddita
1928 603 2088 651 certa

512 682 641 740 finis
668 684 962 760 utrimque
990 693 1151 763 tenet
1179 702 1486 755 summam,
1518 684 1734 743 fateare
1763 694 2059 743 necessest

512 774 813 831 materiem
844 792 1081 849 quoque
1110 775 1285 832 finitis
1315 775 1544 833 differre
1575 777 1788 851 figuriS.

515 862 770 939 denique
800 865 875 922 ab
903 865 1131 940 ignibus
1160 865 1234 923 ad
1264 864 1486 941 gelidas
1515 867 1624 924 iter
1651 884 1836 941 usque
1864 867 2101 941 pruinas
2224 882 2318 936 515

516 953 801 1011 finitumst
830 964 1101 1029 retroque
1130 956 1253 1030 pari
1283 957 1506 1013 ratione
1536 966 1926 1014 remensumst
1945 977 1964 1028 3

514 1046 704 1103 omnis
732 1045 889 1102 enim
920 1046 1077 1103 calor
1103 1064 1173 1103 ac
1200 1046 1394 1121 friguS‚
1427 1047 1723 1121 mediique
1751 1055 1983 1121 tepores

514 1136 934 1211 interutrasque
964 1137 1157 1193 iacent
1186 1137 1488 1211 explentes
1518 1137 1725 1195 ordine
1753 1156 2060 1195 summam.

517 1244 655 1301 ergo
683 1226 845 1284 finita
873 1225 1089 1284 distant
1116 1228 1339 1285 ratione
1368 1238 1580 1300 creata,

514 1317 756 1392 ancipiti
785 1318 1067 1392 quoniam
1098 1318 1365 1375 mucroni
1395 1304 1688 1393 utrimque
1717 1328 2011 1391 notantur,
2238 1337 2334 1388 520

514 1407 654 1466 hinc
682 1407 929 1466 flammis
957 1408 1113 1491 illinc
1139 1408 1337 1484 rigidis
1365 1409 1572 1467 infesta
1598 1409 1835 1485 pruinis,

598 1497 781 1573 Quod
810 1500 1091 1573 quoniam
1121 1500 1317 1572 docui,
1346 1498 1587 1575 pergam
1615 1509 1928 1557 conectere
1958 1518 2082 1558 rem
2111 1517 2266 1575 quae

517 1607 591 1648 ex
618 1589 733 1648 hoc
761 1600 900 1664 apta
925 1590 1106 1648 fidem
1136 1590 1331 1662 ducat,
1362 1589 1682 1665 primordia
1710 1609 1922 1663 rerum,

515 1682 667 1739 inter
692 1699 756 1739 se
786 1681 956 1740 simili
984 1694 1135 1756 quae
1164 1690 1297 1739 sunt
1324 1682 1592 1755 perfecta
1621 1682 1821 1757 figura,

519 1772 745 1830 infinita
773 1772 985 1829 cluere.
1032 1772 1245 1829 etenim
1279 1770 1552 1830 distantia
1581 1790 1718 1829 cum
1748 1772 1821 1831 sit
2241 1790 2335 1843 525

518 1863 833 1921 formarum
850 1863 1029 1934 finita,
1060 1880 1303 1920 necesse
1333 1852 1422 1921 es't
1451 1881 1604 1937 quae
1633 1863 1848 1922 similes
1877 1863 1993 1923 sint

522 1972 646 2011 esse
677 1953 930 2011 infinitas
960 1963 1059 2010 aut
1087 1972 1376 2011 summam
1406 1954 1667 2011 materiai

520 2044 742 2102 finitam
773 2053 1058 2115 constare,
1090 2042 1151 2101 id
1180 2043 1345 2118 quod
1375 2062 1497 2101 non
1529 2062 1659 2101 esse
1689 2044 1932 2119 probavi

520 2135 779 2193 versibus
807 2134 1127 2193 ostendens
1157 2134 1505 2210 corpuscula
1533 2134 1795 2192 materiai

523 2243 597 2283 ex
624 2226 853 2284 infinito
884 2244 1175 2283 summam
1206 2243 1397 2283 rerum
1427 2243 1613 2299 usque
1643 2234 1864 2297 tenere,
2241 2242 2339 2296 530

523 2315 784 2391 undique
812 2317 1039 2392 protelo
1070 2316 1369 2391 plagarum
1401 2316 1761 2373 continuate.

523 2425 660 2464 nam
691 2407 854 2481 quod
880 2426 1007 2465 rara
1034 2405 1199 2464 vides
1229 2407 1413 2481 magis
1441 2424 1568 2465 esse
1598 2406 1871 2463 animalia
1897 2404 2191 2480 quaedam

524 2497 957 2572 fecundamque
987 2498 1180 2556 minus
1210 2496 1696 2576 naturam-cernis
1724 2496 1786 2554 in
1815 2496 1940 2568 illis,

526 2598 586 2647 at
612 2589 846 2664 regione
876 2590 1128 2663 locoque
1158 2589 1270 2647 alio
1304 2588 1586 2662 terrisque
1613 2586 1854 2644 remotis

479 2676 491 2687 '
528 2680 709 2737 multa
733 2680 867 2736 licet
893 2697 1107 2754 genere
1138 2698 1266 2738 esse
1296 2680 1357 2737 in
1391 2697 1466 2737 eo
1495 2694 1923 2751 numerumque
1952 2676 2160 2752 repleri
2180 2697 2198 2749 3
2242 2693 2335 2747 535

528 2770 677 2828 sicut
705 2768 1129 2845 quadripedum
1161 2788 1298 2827 cum
1326 2770 1526 2846 primis
1555 2786 1681 2827 esse
1712 2767 1977 2825 videmus

530 2861 588 2918 in
616 2878 827 2935 genere
856 2860 1241 2936 anguimanus
1268 2861 1633 2936 elephant08‚
1667 2859 1841 2917 India
1868 2875 2119 2933 quorum

530 2950 758 3009 milibus
788 2968 820 3007 e
849 2950 1041 3009 multis
1071 2951 1218 3009 vallo
1248 2942 1507 3010 munitur
1534 2952 1778 3023 ebum0‚

530 3050 594 3099 ut
620 3041 847 3115 penitus
876 3051 1130 3115 nequeat
1156 3042 1484 3117 penetrari:
1528 3051 1690 3098 tanta
1718 3042 1966 3098 ferarum

529 3131 615 3189 vis
645 3139 748 3201 est,
778 3149 1022 3204 quarum
1051 3149 1160 3190 nos
1188 3150 1485 3208 perpauca
1512 3131 1781 3205 exempla
1806 3130 2093 3189 videmus,
2244 3146 2342 3200 540

532 3221 640 3279 sed
667 3231 863 3279 tamen
894 3221 955 3279 id
982 3240 1219 3296 quoque
1250 3223 1334 3279 uti
1364 3221 1713 3292 concedam,
1746 3222 2087 3295 quamlubet
2117 3228 2244 3278 esto

532 3312 705 3369 unica
731 3330 822 3369 res
851 3312 1143 3386 quaedam
1171 3314 1364 3371 nativo
1393 3330 1639 3386 corpore
1670 3312 1808 3382 sola,

534 3403 629 3460 cui
658 3402 854 3460 similis
883 3412 1012 3461 toto
1039 3413 1315 3462 terrarum
1344 3404 1500 3461 nulla
1527 3404 1600 3462 sit
1629 3404 1754 3461 orbi
1775 3424 1792 3475 3

537 3493 759 3550 infinita
782 3502 982 3552 tamen
1009 3494 1119 3553 nisi
1148 3495 1253 3552 erit
1279 3495 1364 3552 vis
1393 3494 1655 3553 materiai

500 3614 509 3621 -
536 3582 693 3642 unde
723 3602 793 3643 ea
818 3586 1081 3660 progigni
1110 3587 1293 3663 possit
1320 3596 1631 3661 concepta,
1661 3583 1843 3643 creari
2244 3597 2339 3652 545

1414 3697 1447 3745 4
