2784 3992
471 302 560 366 90
1141 301 1607 356 LUCRETIUS
2134 296 2274 368 [111.

471 461 550 518 ire
581 460 852 532 humana,
882 470 1081 519 tamen
1109 479 1386 535 quaeram
1416 479 1521 518 cur
1548 478 1581 518 e
1610 458 1859 534 sapienti

471 553 642 610 stulta
669 561 846 626 queat
872 552 1014 623 fieri,
1046 570 1158 609 nec
1187 551 1447 627 prudens
1476 552 1548 609 sit
1575 567 1721 625 puer
1747 550 1913 622 ullus,

471 661 581 700 nec
602 652 726 700 tam
757 641 966 699 doctus
997 661 1184 716 equae
1214 643 1402 717 pullus
1431 659 1607 716 quam
1638 641 1797 698 fortis
1826 640 1963 715 equi
1990 640 2093 698 vis.

470 734 690 790 scilicet
717 734 776 791 in
806 742 1010 790 tenero
1040 742 1405 790 tenerascere
1434 750 1681 806 corpore
1711 738 1971 789 mentem
2184 734 2275 799 765

468 825 822 899 confugient.
868 822 1031 897 quod
1061 823 1107 880 si
1137 823 1251 879 iam
1282 824 1363 894 fit,
1393 823 1608 879 fateare
1639 831 1935 879 necessest

469 916 771 972 mortalem
801 933 928 972 esse
958 914 1232 985 animam,
1263 913 1545 987 quoniam
1572 922 1794 970 mutata
1819 931 1927 988 per
1952 920 2107 969 artus

468 1013 629 1064 tanto
659 1024 836 1080 opere
866 1005 1074 1063 amittit
1101 1004 1279 1062 vitam
1309 1022 1664 1079 sensumque
1692 1004 1966 1078 priorem.

467 1114 657 1170 quove
687 1095 869 1155 modo
898 1096 1113 1172 poterit
1139 1095 1353 1170 pariter
1381 1113 1519 1151 cum
1548 1112 1794 1170 corpore
1824 1111 2061 1169 quoque

466 1186 810 1244 confirmata
836 1187 1100 1261 cupitum
1129 1185 1334 1243 aetatis
1362 1194 1602 1261 tangere
1631 1183 1838 1243 florem
2186 1202 2283 1252 770

465 1278 548 1335 vis
576 1278 772 1351 animi,
801 1278 912 1336 nisi
939 1278 1046 1335 erit
1074 1294 1315 1335 consors
1343 1276 1405 1335 in
1434 1276 1654 1351 origine
1682 1275 1913 1351 prima?

466 1368 679 1443 quidve
707 1369 859 1427 foras
888 1368 996 1427 sibi
1022 1368 1143 1426 vult
1170 1367 1447 1425 membris
1476 1367 1633 1425 exire
1662 1366 1913 1425 senectis
1926 1367 1955 1424 ?

466 1477 540 1516 an
567 1460 773 1517 metuit
802 1459 1080 1517 conclusa
1106 1475 1343 1516 manere
1373 1458 1436 1515 in
1464 1475 1711 1533 corpore
1740 1457 1895 1533 putn‘

466 1559 524 1607 et
553 1549 765 1608 domus
794 1550 996 1607 aetatis
1026 1550 1215 1624 spatio
1244 1566 1320 1606 ne
1350 1549 1503 1607 fessa
1529 1558 1761 1607 vetusto

464 1641 711 1699 obruat?
751 1651 810 1699 at
839 1660 960 1698 non
990 1650 1124 1698 sunt
1152 1639 1463 1698 immortali
1492 1639 1609 1696 ulla
1635 1639 1869 1715 pericla.
2186 1658 2245 1706 77
2249 1655 2277 1709 5

547 1732 820 1806 Denique
850 1732 1108 1789 conubia
1135 1729 1212 1787 ad
1239 1730 1486 1788 Veneris
1514 1739 1832 1805 partusque
1860 1730 2111 1788 ferarum

464 1840 592 1880 esse
621 1822 840 1880 animas
868 1832 1101 1898 praesto
1131 1820 1521 1879 deridiculum
1552 1839 1679 1879 esse
1707 1820 1955 1894 videtur,

467 1922 773 1988 expectare
803 1912 1142 1971 immortalis
1172 1911 1437 1969 mortalia
1466 1912 1729 1969 membra

463 2003 767 2060 innumero
797 2021 1042 2061 numero
1072 2012 1413 2077 certareque
1442 2010 1965 2077 praeproperanter

462 2093 610 2150 inter
637 2111 698 2150 se
729 2111 878 2168 quae
907 2094 1096 2169 prima
1124 2093 1544 2168 potissimaque
1574 2092 1895 2150 insinuetur
1915 2112 1935 2165 3
2185 2098 2282 2159 780

462 2184 510 2241 si
537 2202 658 2242 non
688 2185 833 2241 forte
863 2184 944 2241 ita
970 2194 1104 2242 sunt
1133 2184 1455 2241 animarum
1484 2182 1724 2241 foedera
1749 2192 1926 2257 pacta

461 2283 526 2331 ut
555 2292 704 2349 quae
731 2276 921 2349 prima
946 2274 1148 2332 volans
1176 2274 1479 2332 advenerit
1507 2274 1829 2331 insinuetur

461 2367 649 2443 prima
675 2385 868 2443 neque
897 2368 1047 2425 inter
1075 2386 1137 2426 se
1167 2366 1532 2425 contendant
1558 2366 1773 2424 viribus
1803 2365 2003 2424 hilum.

543 2458 862 2533 Denique
845 2478 905 2515 1n
935 2459 1170 2516 aethere
1199 2477 1321 2516 non
1350 2458 1538 2529 arbor,
1568 2476 1691 2515 non
1718 2476 1975 2532 aequore
2004 2457 2067 2514 in
2091 2457 2207 2515 alto

461 2548 649 2607 nubes
677 2568 804 2607 esse
833 2559 1056 2623 queunt
1084 2567 1196 2607 nec
1223 2548 1417 2625 pisces
1446 2548 1638 2605 vivere
1668 2548 1729 2605 in
1756 2549 1903 2606 arvis
2184 2555 2276 2619 785

461 2658 574 2697 nec
603 2658 775 2699 cruor
801 2640 861 2697 in
889 2640 1059 2716 lignis
1087 2658 1282 2715 neque
1311 2640 1464 2697 saxis
1493 2657 1667 2696 sucus
1696 2638 1909 2697 inesse.

462 2739 685 2787 certum
714 2750 784 2789 ac
814 2731 1216 2806 dispositumst
1243 2730 1344 2787 ubi
1373 2729 1639 2804 quicquit
1667 2737 1891 2787 crescat
1920 2737 1980 2787 et
2007 2727 2159 2787 insit.

461 2819 545 2877 sic
573 2821 750 2878 animi
776 2831 980 2878 natura
1005 2822 1210 2896 nequit
1238 2821 1362 2878 sine
1393 2838 1640 2896 corpore
1670 2820 1805 2878 oriri

461 2910 584 2968 sola
610 2929 803 2985 neque
833 2930 868 2968 a
894 2912 1082 2969 nervis
1112 2919 1172 2969 et
1199 2912 1483 2987 sanguine
1513 2910 1760 2986 longiter
1787 2927 1935 2967 esse.

461 3000 626 3075 quod
654 3003 702 3059 si
735 3000 962 3076 (posset
991 3001 1149 3058 enim
1179 3002 1362 3059 multo
1391 3000 1577 3077 prius)
1612 3001 1740 3075 ipsa
1766 3000 1945 3058 animi
1972 2999 2057 3057 vis
2184 3020 2279 3073 790

461 3091 522 3149 in
550 3093 739 3166 capite
768 3101 868 3149 aut
895 3092 1108 3149 umeris
1135 3101 1236 3149 aut
1265 3092 1394 3149 imis
1424 3091 1681 3149 calcibus
1711 3109 1838 3149 esse

460 3192 660 3258 posset
689 3191 746 3239 et
775 3182 998 3240 innasci
1027 3182 1228 3256 quavis
1258 3183 1317 3239 in
1343 3192 1526 3257 parte,
1557 3182 1769 3239 soleret

461 3273 700 3331 tandem
729 3273 790 3330 in
819 3272 1034 3330 eodem
1057 3272 1297 3330 homine
1327 3282 1502 3346 atque
1531 3273 1592 3329 in
1614 3271 1829 3329 eodem
1852 3290 1991 3329 vase
2020 3290 2278 3332 manere.

461 3362 620 3439 quod
652 3364 929 3439 quoniam
958 3373 1159 3421 nostro
1189 3381 1429 3437 quoque
1460 3371 1688 3420 constat
1716 3380 1966 3438 corpore
1997 3372 2223 3421 certum

463 3454 922 3529 dispositumque
953 3453 1180 3511 videtur
1207 3454 1308 3511 ubi
1337 3472 1464 3511 esse
1494 3463 1553 3511 et
1581 3471 1845 3511 creseere
1875 3453 2062 3529 possit
2184 3472 2275 3526 795

464 3564 685 3604 sorsum
714 3546 907 3605 anima
933 3555 1109 3621 atque
1139 3546 1386 3617 animuS,
1417 3554 1580 3603 tanto
1610 3544 1797 3620 magis
1827 3544 2198 3603 infitiandum
