2784 3992
484 304 569 367 92
1173 299 1638 353 LUCRETIUS
2149 298 2296 370 [111.

482 462 808 521 distractast
834 462 1012 521 animi
1043 472 1247 520 natura
1273 462 1622 536 animaeque
1652 469 1928 536 potestaS,

483 554 563 611 nil
588 563 787 611 tamen
817 563 905 612 est
934 553 1011 611 ad
1040 572 1150 611 nos
1177 553 1277 627 qui
1306 562 1550 628 comptu
1581 552 1977 627 coniugioque
2203 560 2300 625 845

482 644 745 720 corporis
773 655 949 718 atque
977 644 1205 701 animae
1233 642 1604 701 consistimus
1635 646 1823 700 uniter
1849 641 1991 716 apti.

482 753 614 807 nec,
644 736 693 793 si
721 735 1023 793 materiem
1050 744 1310 792 nostram
1338 733 1637 809 collegerit
1665 743 1823 791 aetas

483 824 617 902 post
646 826 870 883 obitum
898 843 1241 899 rursumque
1271 825 1562 900 redegerit
1589 834 1654 882 ut
1681 824 1790 882 sita
1818 842 1977 881 nunc
2006 832 2096 882 est

484 927 659 991 atque
690 907 893 973 it⁴erum
923 916 1093 973 nobis
1120 915 1332 973 fuerint
1359 914 1500 973 data
1523 914 1746 972 lumina
1768 915 1942 985 vitae,

485 1008 771 1081 pertineat
792 1006 1108 1080 quicquam
1132 1014 1331 1063 tamen
1350 1005 1428 1062 ad
1451 1024 1560 1063 nos
1587 1004 1650 1063 id
1672 1022 1911 1080 quoque
1935 1004 2174 1076 factum,
2205 1011 2304 1075 850

486 1099 801 1171 interrupta
828 1097 1008 1154 semel
1036 1115 1173 1153 cum
1203 1096 1275 1154 sit
1302 1096 1628 1171 repetentia
1657 1096 1855 1155 nostri.

484 1197 545 1245 et
572 1206 728 1245 nunc
758 1188 834 1243 nil
866 1186 942 1244 ad
970 1205 1078 1244 nos
1108 1186 1184 1244 de
1212 1186 1382 1244 nobis
1412 1186 1637 1259 attinet,
1667 1195 1803 1243 ante

486 1279 588 1354 qui
616 1278 845 1350 fuimus,
874 1296 1069 1352 neque
1100 1278 1215 1335 iam
1244 1277 1320 1335 de
1352 1278 1460 1335 illis
1487 1295 1598 1335 nos
1625 1276 1828 1335 adficit
1856 1294 2057 1353 angor.

486 1387 623 1425 nam
652 1387 789 1425 cum
818 1368 1093 1443 respicias
1123 1368 1372 1426 inmensi
1403 1368 1684 1443 temporis
1713 1386 1892 1426 omne

485 1460 856 1534 praeteritum
886 1459 1153 1533 spatium,
1186 1468 1311 1515 tum
1340 1468 1536 1517 motus
1565 1459 1827 1516 materiai
2205 1466 2268 1529 85
2273 1476 2300 1529 5

486 1548 845 1607 multimodis
874 1566 1051 1623 quam
1081 1550 1212 1620 sint,
1242 1549 1410 1607 facile
1440 1548 1557 1607 hoc
1583 1548 1905 1607 adcredere
1934 1550 2140 1625 possiS,

486 1640 712 1698 semina
738 1657 913 1714 saepe
942 1640 1003 1696 in
1030 1639 1263 1709 eodem,
1290 1649 1355 1698 ut
1381 1657 1543 1697 nunc
1571 1649 1724 1712 sunt,
1757 1639 1962 1697 ordine
1992 1650 2164 1715 posta

487 1731 634 1789 haec
664 1729 892 1802 eadem,
922 1731 1133 1805 quibus
1162 1748 1195 1788 e
1225 1748 1385 1788 nunc
1414 1749 1525 1788 nos
1553 1749 1772 1802 sumuS,
1803 1740 1937 1787 ante
1968 1731 2158 1789 fuisse.

486 1840 599 1880 nec
627 1822 873 1880 memori
907 1830 1107 1879 tamen
1135 1820 1196 1879 id
1226 1822 1459 1896 quimus
1489 1820 1954 1896 repraehendere
1985 1831 2184 1881 mente
2204 1842 2224 1895 ;
2262 1832 2266 1836 “

486 1913 635 1970 inter
664 1912 819 1969 enim
851 1911 1055 1969 iectast
1081 1911 1219 1969 vitai
1245 1930 1430 1987 pausa
1457 1929 1721 1987 vageque
2205 1918 2305 1970 860

487 2002 823 2060 deerrarunt
852 2003 1066 2077 passim
1094 2012 1289 2061 motus
1318 2002 1393 2060 ab
1423 2002 1688 2061 sensibus
1718 2020 1943 2061 omnes·

487 2092 667 2151 debet
694 2092 871 2165 enim,
901 2093 1108 2150 misere
1138 2093 1185 2151 si
1214 2093 1361 2150 forte
1390 2111 1683 2168 aegreque
1714 2094 2040 2166 futurumst,

487 2185 613 2258 ipse
642 2201 878 2259 quoque
908 2202 1035 2241 esse
1065 2184 1125 2241 in
1154 2202 1227 2241 eo
1255 2192 1381 2241 tum
1410 2193 1695 2258 tempore,
1726 2184 1822 2242 cui
1851 2185 2002 2242 male
2030 2185 2214 2259 possit

488 2273 774 2331 accidere.
821 2273 882 2331 id
910 2275 1190 2349 quoniam
1219 2292 1377 2332 mors
1407 2274 1624 2345 eximit,
1657 2293 1904 2350 esseque
1933 2275 2143 2350 probet

487 2365 644 2422 illum
676 2364 772 2422 cui
798 2365 1025 2439 possint
1053 2364 1436 2423 incommoda
1463 2366 1778 2437 conciliari,
2054 2408 2062 2417 .
2205 2370 2301 2435 865

488 2456 635 2514 scire
663 2454 800 2513 licet
828 2455 997 2513 nobis
1024 2455 1105 2511 nil
1133 2473 1259 2513 esse
1288 2456 1349 2513 in
1378 2465 1567 2514 morte
1599 2455 1928 2515 timendum

488 2566 600 2604 nec
630 2546 906 2605 miserum
933 2547 1077 2619 fieri,
1109 2546 1209 2621 qui
1235 2565 1360 2605 non
1386 2557 1492 2620 est,
1524 2565 1699 2623 posse
1729 2565 1924 2622 neque
1953 2546 2134 2605 hilum

490 2636 715 2694 differre
744 2655 898 2695 anne
924 2636 1045 2695 ullo
1074 2637 1242 2695 fuerit
1269 2637 1385 2695 iam
1414 2648 1682 2714 tempore
1712 2647 1900 2710 natuS,

488 2727 800 2784 mortalem
831 2727 1009 2785 vitam
1042 2746 1198 2785 mors
1227 2746 1363 2785 cum
1395 2728 1717 2787 inmortalis
1747 2727 1986 2787 ademit.

573 2816 825 2875 Proinde
845 2818 943 2877 ubi
966 2836 1027 2875 se
1050 2817 1249 2877 videas
1272 2819 1576 2877 hominem
1604 2818 1953 2895 indignarier
1972 2818 2182 2893 ipsum,
2203 2824 2306 2885 870

490 2917 625 2983 post
653 2917 901 2966 mortem
928 2910 1051 2967 fore
1083 2919 1145 2967 ut
1173 2920 1272 2968 aut
1299 2920 1568 2985 putescat
1596 2928 1842 2985 corpore
1870 2920 2046 2985 posto

491 3008 590 3056 aut
618 2998 867 3057 flammis
895 2999 1144 3057 interfiat
1173 3001 1410 3059 malisve
1439 3000 1706 3072 ferarum,

490 3091 638 3146 scire
667 3089 804 3146 licet
830 3108 951 3148 non
980 3091 1271 3149 sincerum
1302 3109 1510 3149 sonere
1539 3101 1714 3167 atque
1745 3090 1983 3149 subesse

493 3197 739 3237 caecum
767 3181 1019 3255 aliquem
1050 3180 1214 3238 cordi
1243 3182 1558 3255 stimulum,
1589 3181 1851 3257 quamvis
1878 3191 2055 3257 neget
2081 3180 2207 3256 ipse

495 3269 735 3329 credere
765 3290 827 3329 se
852 3290 1209 3347 quemquam
1226 3272 1334 3332 sibi
1355 3290 1592 3330 sensum
1613 3273 1674 3349 in
1696 3281 1883 3330 morte
1904 3273 2175 3331 futurum.
2205 3279 2302 3345 875

493 3378 631 3430 non,
660 3371 724 3419 ut
752 3362 979 3437 opinor,
1010 3361 1167 3419 enim
1197 3361 1297 3419 dat
1326 3362 1490 3437 quod
1516 3362 1800 3438 promittit
1827 3372 1889 3421 et
1915 3360 2095 3435 unde,

492 3469 606 3509 nec
632 3450 908 3511 radicitus
937 3470 971 3509 e
998 3452 1115 3512 vita
1142 3470 1204 3510 se
1234 3453 1380 3512 tollit
1409 3462 1468 3510 et
1495 3453 1649 3522 eicit,

494 3541 601 3601 sed
629 3543 767 3601 facit
794 3560 923 3604 esse
952 3542 1040 3601 sui
1068 3542 1351 3617 quiddam
1379 3562 1554 3617 super
1581 3543 1796 3602 inscius
1823 3542 1968 3620 ipse.
