2784 3992
472 305 555 367 82
1143 317 1605 372 LUcRETIUs
2129 314 2279 387 [111.

470 486 613 535 nant
640 476 813 549 oculi,
842 474 1062 536 clamor
1090 476 1371 552 singultus
1402 476 1582 555 iurgia
1608 478 1878 554 gliscunt,
2181 486 2282 548 480

472 577 531 626 et
558 568 673 625 iam
706 578 901 625 cetera
929 567 1005 626 de
1035 586 1249 643 genere
1280 567 1395 625 hoc
1426 586 1834 643 quaecumque
1865 579 2156 643 secuntur,

470 677 573 717 cur
602 676 673 716 ea
700 668 852 729 sunt,
882 658 992 716 nisi
1023 658 1185 733 quod
1215 676 1458 717 vemens
1486 659 1761 717 violentia
1787 661 1906 718 vini

471 750 819 807 conturbare
847 750 1103 807 animam
1134 749 1438 807 consuevit
1465 767 1710 823 corpore
1741 750 1799 807 in
1829 751 2002 825 ipso?

470 849 530 897 at
557 858 968 915 quaecumque
998 850 1222 914 queunt
1252 840 1586 898 conturbari
1615 840 1792 915 inque
1822 840 2062 923 pediti&

470 930 818 1005 significant,
848 930 1023 1006 paulo
1053 930 1102 987 si
1131 930 1330 987 durior
1358 930 1659 1005 insinuarit
2047 957 2051 959 ·
2182 940 2279 1004 485

470 1039 665 1093 causa,
696 1021 818 1079 fore
846 1031 909 1078 ut
936 1030 1178 1097 pereant
1204 1038 1349 1078 aevo
1378 1022 1600 1096 privata
1628 1022 1836 1080 futuro,

470 1112 614 1185 quin
643 1112 817 1169 etiam
846 1112 1037 1170 subito
1064 1112 1121 1169 vi
1148 1111 1339 1169 morbi
1368 1129 1546 1186 saepe
1576 1121 1815 1171 coactus

470 1212 605 1261 ante
634 1201 840 1261 oculos
866 1202 1071 1277 aliquis
1099 1212 1345 1274 nostrOS,
1378 1211 1441 1259 ut
1469 1202 1720 1260 fulminis
1749 1203 1886 1275 ictu,

471 1293 732 1352 concidit
759 1303 818 1351 et
845 1312 1080 1369 spumas
1107 1294 1242 1369 agit,
1271 1292 1516 1368 ingemit
1543 1301 1602 1349 et
1628 1294 1821 1351 tremit
1847 1302 2021 1377 artuS,

471 1384 700 1460 desipit,
731 1393 988 1443 extentat
1015 1403 1241 1456 nerVOS,
1273 1384 1591 1459 torquetur,
1623 1383 1857 1442 anhelat
2177 1406 2277 1457 490

470 1475 885 1547 inconstanter,
916 1484 976 1533 et
1003 1476 1062 1533 in
1090 1474 1364 1533 iactando
1394 1473 1659 1533 membra
1685 1474 1901 1549 fatigat.

468 1565 744 1622 nimirum
772 1566 911 1641 quia
935 1566 1021 1623 vis
1052 1566 1239 1623 morbi
1268 1565 1544 1623 distracta
1571 1583 1678 1639 per
1705 1574 1858 1622 artus

470 1656 678 1727 turbat,
708 1674 885 1731 agens
912 1656 1169 1714 animam
1199 1665 1447 1731 spumat,
1479 1655 1641 1729 quasi
1675 1656 1734 1711 in
1763 1672 2016 1731 aequore
2047 1656 2199 1715 salso

468 1756 775 1804 ventorum
804 1746 1006 1805 validis
1036 1747 1363 1809 fervescunt
1390 1745 1604 1803 viribus
1633 1745 1850 1803 undae.

469 1837 805 1912 exprimitur
830 1855 1004 1912 porro
1032 1838 1298 1913 gemituS,
1330 1836 1468 1910 quia
1495 1836 1760 1893 membra
1788 1835 1990 1895 dolore
2179 1855 2275 1911 495

468 1927 818 1985 adficiuntur
844 1937 903 1987 et
931 1928 1174 1987 omnino
1206 1926 1369 2002 quod
1399 1927 1624 1984 semina
1650 1926 1814 1983 vocis

470 2018 756 2075 eiciuntur
785 2028 844 2076 et
874 2036 975 2076 ore
1005 2019 1155 2077 foras
1182 2018 1504 2094 glomerata
1534 2018 1796 2075 feruntur

468 2126 586 2183 qua
612 2109 778 2182 quasi
806 2118 1161 2167 consuerunt
1190 2118 1249 2167 et
1276 2117 1411 2166 sunt
1438 2108 1662 2165 munita
1687 2108 1820 2166 viai.

468 2197 815 2273 desipientia
842 2198 923 2269 fit,
954 2200 1092 2273 quia
1117 2200 1201 2257 vis
1230 2199 1408 2257 animi
1435 2208 1611 2273 atque
1642 2198 1859 2257 animai

467 2289 843 2346 conturbatur
870 2298 947 2361 et,
976 2298 1041 2345 ut
1069 2288 1263 2361 docui,
1295 2289 1480 2347 divisa
1509 2307 1772 2347 seorsum
2179 2308 2280 2363 500

467 2377 803 2436 disiectatur
824 2377 1040 2436 eodem
1070 2380 1165 2436 illo
1195 2379 1468 2437 distracta
1499 2398 1748 2437 veneno·

466 2469 604 2528 ind-e
634 2469 734 2527 ubi
763 2470 876 2526 iam
906 2470 1096 2527 morbi
1128 2469 1349 2527 reflexit
1378 2488 1554 2527 causa
1582 2469 1851 2544 reditque

467 2562 528 2619 in
554 2562 801 2620 latebras
829 2579 966 2619 acer
993 2562 1248 2637 corrupti
1277 2562 1538 2636 corporis
1566 2579 1753 2632 umor,

468 2662 590 2710 tum
620 2653 784 2727 quasi
812 2653 1123 2710 vaccillans
1150 2653 1403 2727 primum
1431 2652 1728 2727 consurgit
1755 2660 1816 2709 et
1843 2652 2036 2711 omnis

468 2744 743 2817 paulatim
772 2744 923 2801 redit
952 2745 1011 2800 in
1040 2761 1243 2801 sensus
1272 2743 1647 2817 animamque
1677 2753 1957 2818 receptat.
2183 2763 2274 2816 505

468 2834 615 2891 haec
645 2835 815 2909 igitur
842 2834 1014 2891 tantis
1043 2833 1141 2891 ubi
1172 2834 1387 2891 morbis
1417 2852 1663 2909 corpore
1695 2834 1754 2891 in
1784 2835 1913 2909 ipso

468 2925 753 2981 iactentur
780 2925 1118 2998 miserisque
1150 2923 1338 2981 modis
1366 2922 1643 2982 distracta
1669 2924 1953 2996 laborent,

469 3033 573 3071 cur
599 3013 809 3071 eadem
839 3013 1028 3071 credis
1058 3014 1180 3071 sine
1210 3032 1456 3088 corpore
1485 3014 1546 3072 in
1574 3014 1708 3072 a'e're
1736 3024 1942 3089 aperto

468 3123 604 3161 cum
633 3104 836 3161 validis
864 3105 1049 3162 ventis
1078 3114 1327 3161 aetatem
1360 3104 1574 3179 degere
1603 3106 1821 3179 posse?

469 3205 527 3252 et
554 3196 833 3270 quoniam
863 3204 1120 3252 mentem
1152 3196 1355 3265 sanari,
1386 3213 1600 3270 corpus
1630 3205 1692 3252 ut
1719 3212 1976 3269 aegrum,
2182 3214 2276 3267 510

468 3286 759 3343 cernimus
788 3296 846 3343 et
875 3286 1028 3343 flecti
1057 3284 1353 3342 medicina
1379 3303 1553 3359 posse
1581 3284 1866 3357 videmus,

468 3376 530 3433 id
558 3395 795 3450 quoque
826 3376 1110 3451 praesagit
1139 3377 1440 3434 mortalem
1470 3376 1659 3433 vivere
1689 3385 1965 3433 mentem.

467 3464 685 3523 addere
714 3467 870 3523 enirn
900 3467 1074 3542 partis
1103 3477 1201 3524 aut
1230 3467 1435 3524 ordine
1463 3467 1740 3524 traiecere
1769 3475 2034 3525 aecumst

469 3564 568 3614 aut
595 3556 812 3631 aliquid
842 3575 1103 3631 prorsum
1132 3556 1208 3615 de
1238 3576 1466 3615 summa
1493 3556 1797 3615 detrahere
1826 3557 2027 3629 hilum,
