2784 3992
476 304 617 377 111.]
961 305 1069 358 DE
1121 306 1416 361 RERUM
1471 307 1815 361 NATURA
2199 296 2288 373 69

470 483 561 524 res
588 464 769 523 animi
796 483 1008 541 pacem
1036 465 1253 525 delibat
1281 478 1548 543 tempore
1578 468 1639 524 in
1665 468 1803 526 ullo.

470 565 530 614 at
555 565 761 615 contra
786 575 1077 632 nusquam
1104 568 1385 633 apparent
1415 560 1735 616 Acherusia
1763 557 1984 634 templa
2225 576 2282 629 25

471 665 583 705 nec
613 648 779 705 tellus
808 649 1003 707 obstat
1029 649 1171 724 quin
1199 650 1401 706 omnia
1430 649 1825 725 dispiciantur,

472 739 579 796 sub
606 737 857 813 pedibus
886 757 1293 814 quaecumque
1321 740 1468 797 infra
1494 758 1602 815 per
1628 740 1801 797 inane
1830 749 2122 815 geruntur.

472 827 559 887 his
587 829 665 887 ibi
696 847 792 886 me
820 830 993 888 rebus
1023 830 1315 904 quaedam
1347 829 1544 888 divina
1572 830 1838 905 voluptas

416 931 426 943 ·
472 920 719 994 percipit
746 919 941 994 adque
970 914 1191 990 horror,
1221 919 1386 994 quod
1416 921 1499 978 sic
1529 930 1734 978 natura
1761 930 1861 977 tua
1887 920 1945 978 vi

472 1018 590 1067 tam
620 1010 924 1067 manifesta
950 1019 1157 1085 patens
1188 1029 1263 1068 ex
1290 1012 1456 1068 omni
1483 1020 1648 1085 parte
1677 1008 1899 1068 retecta
1925 1020 2030 1069 est.
2221 1031 2285 1081 30

554 1101 629 1157 Et
658 1100 937 1174 quoniam
963 1099 1164 1173 docui,
1196 1111 1539 1159 cunctarum
1569 1100 1811 1158 exordia
1836 1119 2029 1158 rerum

473 1190 663 1265 qualia
690 1191 804 1248 sint
833 1199 892 1248 et
919 1209 1095 1265 quam
1124 1192 1295 1250 variis
1323 1190 1598 1250 distantia
1625 1192 1826 1250 formis

474 1290 681 1356 sponte
714 1300 819 1339 sua
844 1282 1089 1340 volitent
1114 1292 1356 1341 aeterno
1384 1284 1611 1358 percita
1639 1291 1804 1340 motu

473 1389 665 1446 quove
694 1371 877 1430 modo
904 1373 1131 1447 possint
1157 1390 1248 1431 res
1277 1392 1351 1432 ex
1378 1373 1470 1431 his
1500 1388 1770 1453 quaeque
1799 1373 2001 1445 creari,

472 1462 645 1521 hasce
675 1462 1003 1520 secundum
1030 1482 1120 1521 res
1150 1465 1330 1522 animi
1358 1473 1565 1522 natura
1581 1460 1822 1521 'videtur
2222 1480 2284 1533 35

471 1563 646 1629 atque
675 1554 906 1611 animae
935 1554 1208 1612 claranda
1237 1556 1382 1612 meis
1412 1556 1528 1612 iam
1557 1556 1815 1612 versibus
1847 1571 1972 1612 esse

472 1654 530 1702 et
557 1653 748 1701 metus
777 1644 869 1701 ille
896 1644 1048 1702 foras
1076 1663 1359 1719 praeceps
1388 1646 1737 1703 Acheruntis
1767 1643 2062 1720 agenduS‚'

471 1734 731 1792 funditus
761 1735 1073 1793 humanam
1106 1735 1207 1811 qui
1235 1737 1412 1793 vitam
1441 1736 1634 1793 turbat
1663 1737 1738 1794 ab
1767 1736 1888 1793 imo

472 1826 672 1884 omnia
698 1825 1035 1884 suffundens
1064 1828 1265 1884 mortis
1294 1828 1524 1901 nigrore
1553 1845 1748 1900 neque
1779 1826 1954 1883 ullam

472 1935 597 1975 esse
626 1916 986 1991 voluptatem
1015 1916 1297 1991 liquidam
1326 1935 1654 1991 puramque
1683 1916 1971 1990 relinquit.
2221 1936 2288 1982 40

470 2026 607 2066 nam
638 2006 803 2081 quod
832 2026 1005 2081 saepe
1037 2008 1304 2065 homines
1333 2009 1572 2065 morbos
1602 2008 1784 2082 magis
1813 2024 1940 2064 esse
1971 2004 2266 2093 tirQndos

471 2099 867 2172 infamemque
895 2098 1084 2155 ferunt
1110 2098 1286 2155 vitam
1314 2117 1492 2173 quam
1519 2100 1758 2155 Tartara
1783 2097 1884 2155 leti

472 2199 530 2247 et
557 2208 622 2248 se
651 2189 799 2247 scire
829 2188 1056 2257 animae
1086 2198 1351 2246 naturam
1380 2189 1681 2264 sanguinis
1711 2206 1838 2246 esse

472 2291 569 2339 aut
597 2281 775 2339 etiam
796 2280 975 2351 venti,
1004 2280 1051 2337 si
1080 2280 1189 2337 fert
1218 2280 1296 2337 ita
1324 2280 1470 2337 forte
1498 2279 1784 2351 voluntaS,

472 2389 582 2429 nec
612 2389 853 2446 prosum
883 2371 1201 2445 quicquam
1229 2381 1460 2427 nostrae
1488 2370 1726 2429 rationis
1760 2387 1952 2445 egere,
2222 2385 2284 2439 45

474 2461 610 2519 hinc
638 2462 775 2520 licet
803 2461 1067 2519 advertas
1097 2461 1356 2518 animum
1386 2459 1572 2535 magis
1601 2461 1801 2517 omnia
1827 2459 2015 2518 laudis

475 2552 671 2610 iactari
700 2570 877 2609 causa
903 2550 1277 2627 quam.quod
1303 2551 1556 2633 reseipsa
1585 2551 1884 2624 probetur.

476 2632 729 2701 extorres
759 2641 917 2701 idem
946 2641 1132 2717 patria
1158 2641 1451 2716 longeque
1481 2640 1660 2716 fugati

475 2742 795 2808 conspectu
825 2751 899 2789 ex
927 2732 1251 2804 hominum,
1284 2730 1506 2789 foedati
1537 2731 1777 2789 crimine
1806 2730 1978 2806 turpi,

475 2824 745 2882 omnibus
774 2824 1064 2882 aerumnis
1092 2823 1309 2881 adfecti
1339 2821 1596 2897 denique
1624 2823 1844 2894 vivunt,
2223 2838 2290 2891 50

475 2924 533 2973 et
560 2931 939 2989 quocumque
967 2924 1166 2973 tamen
1195 2912 1391 2972 miseri
1420 2930 1631 2971 venere
1660 2920 1970 2987 parentant

360 3070 369 3075 ,
475 3014 534 3063 et
558 3005 751 3079 nigras
780 3013 1039 3061 mactant
1066 3003 1326 3079 pecudes
1357 3013 1420 3061 et-
1447 3003 1704 3061 manibu'
1735 3002 1880 3062 divis

474 3094 705 3153 inferias
734 3095 970 3152 mittunt
998 3095 1303 3169 multoque
1333 3095 1394 3152 in
1421 3095 1596 3152 rebus
1625 3094 1850 3159 acerbis

374 3210 383 3217 ·
474 3186 662 3243 acrius
690 3183 999 3243 advertunt
1026 3185 1252 3244 animos
1280 3184 1358 3243 ad
1385 3185 1744 3261 religionem.

476 3294 596 3352 quo
624 3275 809 3351 magis
836 3276 896 3333 in
916 3274 1107 3335 dubiis
1136 3275 1437 3335 hominem
1467 3285 1731 3351 spectare
1759 3274 1992 3350 periclis
2225 3290 2287 3345 55

475 3367 757 3426 convenit
783 3366 1156 3442 adversisque
1185 3367 1245 3425 in
1272 3367 1447 3426 rebus
1475 3386 1720 3427 noscere
1749 3368 1850 3443 qui
1879 3367 1989 3440 sit3
2245 3393 2277 3413 ν

472 3475 614 3518 nam
640 3475 813 3519 verae
840 3476 1017 3517 voces
1046 3468 1170 3517 tum
1200 3457 1441 3517 demum
1470 3469 1709 3534 pectore
1739 3459 1814 3518 ab
1842 3458 1965 3517 imo

476 3548 766 3609 eiciuntur
793 3558 853 3607 et
880 3550 1115 3625 eripitur
1141 3568 1411 3625 persona,
1441 3560 1640 3609 manet
1666 3568 1884 3658 Β.
