2784 3992
533 290 649 353 162
1186 304 1650 361 LUCRE‘rlUs
2228 306 2323 378 [v.

522 474 580 524 et
606 483 791 541 genus
820 482 999 524 omne
1030 465 1193 541 quod
1223 476 1311 524 est
1339 466 1602 525 veterino
1631 466 1855 524 semine
1884 476 2117 542 partum
2234 475 2330 539 865

519 555 925 632 lanigeraeque
955 557 1126 614 simul
1153 554 1416 631 pecudes
1446 566 1506 614 et
1531 557 1750 615 bucera
1779 558 1972 615 saecla

519 648 717 705 omnia
744 656 878 705 sunt
907 647 1208 704 hominum
1239 647 1451 704 tutelae
1479 646 1706 721 tradita,
1740 648 2008 707 Memmi.

518 755 655 795 nam
684 737 899 811 cupide
927 738 1123 809 fugere
1153 736 1301 794 feras
1329 755 1656 812 pacemque
1687 747 1887 795 secuta

518 837 651 885 sunt
678 838 736 885 et
763 827 918 903 larga
944 846 1050 886 suo
1077 826 1201 884 sine
1230 826 1446 901 pabula
1474 836 1638 901 parta
1665 827 1880 899 labore,

516 936 667 992 quae
697 917 904 975 damus
932 916 1188 975 utilitatis
1216 934 1421 973 eorum
1450 917 1710 991 praemia
1739 936 1931 976 causa.
2229 925 2330 985 870

517 1018 575 1066 at
602 1009 733 1081 quis
760 1008 841 1065 nil
868 1008 1075 1065 horum
1104 1005 1301 1065 tribuit
1327 1015 1552 1078 natura,
1582 1025 1694 1064 nec
1724 1008 1851 1082 ipsa

516 1108 727 1173 sponte
757 1116 861 1155 sua
888 1106 1129 1172 possent
1154 1107 1219 1155 ut
1244 1096 1436 1155 vivere
1467 1113 1580 1152 nec
1609 1095 1750 1154 dare
1779 1098 1948 1156 nobis

522 1188 822 1245 utilitatem
854 1188 1106 1263 aliquam
1136 1206 1313 1261 quare
1342 1196 1677 1263 pateremur
1703 1204 1908 1245 eorum

515 1278 804 1354 praesidio
832 1288 1031 1336 nostro
1061 1279 1222 1353 pasci
1250 1295 1435 1353 genus
1465 1294 1712 1351 esseque
1743 1286 1952 1350 tutum,

514 1369 734 1426 scilicet
762 1368 909 1426 haec
939 1368 1061 1426 aliis
1090 1367 1344 1443 praedae
1373 1368 1654 1443 lucroque
1685 1368 1958 1426 iacebant
2228 1376 2323 1441 875

510 1458 855 1534 indupedita
882 1461 999 1517 suis
1029 1458 1295 1516 fatalibus
1324 1458 1524 1516 omnia
1551 1458 1774 1529 vincliS‚

512 1547 704 1630 donec
733 1549 808 1606 ad
838 1550 1131 1607 interitum
1158 1567 1343 1624 genus
1373 1548 1436 1607 id
1465 1558 1668 1607 natura
1696 1547 1939 1623 redegit.

588 1640 705 1700 Sed
733 1658 925 1714 neque
956 1640 1233 1699 Centauri
1263 1640 1513 1712 fuerunt,
1545 1658 1658 1698 nec
1687 1649 1951 1714 tempore
1981 1639 2043 1697 in
2071 1639 2191 1697 ullo

509 1748 636 1787 esse
666 1740 888 1805 queunt
916 1730 1136 1805 duplici
1164 1741 1370 1788 natura
1398 1739 1458 1788 et
1485 1748 1733 1805 corpore
1764 1730 1903 1788 bino

508 1838 581 1877 ex
609 1820 943 1895 alienigenis
972 1820 1251 1878 membris
1280 1830 1611 1896 compacta,
1642 1831 1901 1897 potestas
2224 1828 2323 1879 880

506 1910 642 1967 hinc
671 1910 827 1967 illinc
854 1911 1054 1985 visque
1084 1920 1149 1969 ut
1174 1929 1296 1969 non
1325 1921 1414 1969 sat
1441 1928 1546 1986 par
1572 1929 1700 1969 esse
1732 1911 1979 1987 potissit.

506 2000 567 2059 id
595 2002 733 2058 licet
762 2000 898 2058 hinc
926 2002 1191 2075 quamvis
1219 2001 1418 2061 hebeti
1446 2020 1808 2076 cognoscere
1837 2001 2035 2060 corde.

504 2091 793 2167 principio
821 2092 1040 2150 circum
1069 2093 1249 2150 tribus
1276 2093 1423 2151 actis
1451 2093 1699 2168 impiger
1724 2093 1891 2151 annis

504 2181 669 2239 floret
696 2200 855 2256 ecuS,
886 2200 1032 2257 puer
1060 2183 1500 2257 hautquaquam
1522 2203 1539 2255 3
1584 2201 1722 2240 nam
1750 2201 1928 2258 saepe
1958 2182 2135 2241 etiam
2162 2199 2320 2241 nunc

504 2273 683 2330 ubera
708 2290 1093 2331 mammarum
1122 2274 1183 2332 in
1210 2274 1431 2331 somnis
1459 2274 1734 2331 lactantia
1761 2282 2016 2348 quaeret.
2222 2280 2316 2344 885

503 2372 638 2436 post
664 2363 765 2421 ubi
793 2381 966 2421 ecum
995 2361 1219 2421 validae
1250 2364 1399 2421 vires
1428 2372 1619 2421 aetate
1649 2373 1888 2421 senecta

503 2454 888 2527 membraque
918 2453 1202 2512 deficiunt
1231 2454 1475 2529 fugienti
1505 2453 1781 2529 languida
1805 2454 1940 2524 vita,

503 2553 626 2600 tum
656 2541 897 2601 demum
927 2561 1111 2619 puero
1140 2544 1218 2601 illi
1246 2562 1393 2601 aevo
1423 2543 1666 2601 florente
1696 2544 1959 2603 iuventas

503 2634 723 2708 occipit
752 2642 812 2691 et
841 2634 1001 2691 molli
1028 2635 1198 2692 vestit
1227 2635 1502 2710 lanugine
1532 2634 1728 2692 malaS.

502 2742 577 2781 ne
607 2724 753 2782 forte
784 2742 858 2782 ex
885 2724 1125 2783 homine
1156 2734 1215 2781 et
1241 2725 1504 2783 veterino
1535 2725 1761 2783 semine
1791 2742 2078 2801 equorum
2216 2731 2314 2797 890

500 2814 741 2872 confieri
770 2814 977 2873 credas
1006 2814 1331 2875 Centauros
1358 2834 1533 2890 posse
1564 2833 1759 2891 neque
1789 2833 1937 2888 esse,

501 2914 599 2963 aut
625 2904 843 2963 rabidis
872 2906 1115 2963 canibus
1145 2906 1472 2964 succinctas
1503 2906 1886 2964 semimarinis

499 2998 841 3073 corporibus
870 2998 1083 3075 Scyllas
1114 3009 1172 3057 et
1199 3009 1395 3057 cetera
1423 2999 1500 3057 de
1530 3018 1746 3075 genere
1777 2999 2005 3070 horum,

499 3089 649 3147 inter
674 3107 737 3147 se
765 3107 1015 3165 quorum
1046 3087 1339 3147 discordia
1367 3091 1631 3147 membra
1656 3089 1924 3147 videmus
1950 3111 1967 3163 3

500 3198 651 3255 quae
680 3197 873 3254 neque
904 3179 1218 3237 florescunt
1246 3181 1460 3255 pariter
1488 3198 1602 3238 nec
1629 3181 1842 3240 robora
1870 3188 2105 3238 sumunt
2214 3188 2305 3252 895

498 3270 840 3345 corporibus
869 3288 1063 3345 neque
1093 3270 1387 3344 proiciunt
1415 3280 1605 3328 aetate
1635 3280 1875 3328 senecta

502 3379 614 3418 nec
643 3360 811 3419 simili
839 3362 1070 3419 Venere
1100 3359 1414 3418 ardescunt
1441 3378 1554 3419 nec
1584 3362 1844 3419 moribus
1873 3359 2000 3418 unis

499 3450 874 3523 conveniunt,
905 3468 1098 3526 neque
1114 3460 1262 3509 sunt
1289 3450 1500 3509 eadem
1529 3450 1787 3509 iucunda
1812 3469 1918 3528 per
1944 3458 2113 3508 artus·

500 3540 719 3616 quippe
747 3538 944 3599 videre
974 3542 1109 3599 licet
1137 3542 1521 3617 pinguescere
1551 3560 1728 3617 saepe
1761 3542 1987 3599 cicutae
