2784 3992
142 3739 310 3877 ’ἱ

576 324 693 392 152
1247 323 1712 378 LUCRE‘rms
2274 322 2379 393 [v.

567 484 705 543 inde
734 485 909 543 alium
938 503 1112 560 supra
1140 484 1317 542 fluere
1346 493 1524 559 atque
1552 482 1858 542 intendere
1886 482 2100 542 eodem

567 594 687 650 quo
714 576 1003 634 volvenda
1033 576 1251 634 micant
1280 576 1499 633 aeterni
1528 574 1718 633 sidera
1745 574 1951 632 mundi
1971 594 1991 646 3

564 676 664 724 aut
691 667 867 724 alium
896 677 1115 742 supter,
1145 676 1351 724 contra
1378 667 1480 743 qui
1509 665 1790 724 subvehat
1818 666 2042 737 orbem,
2283 683 2382 737 515

565 766 631 815 ut
659 756 863 815 fluvios
888 774 1113 815 versare
1142 760 1296 815 rota's
1324 766 1500 830 atque
1529 756 1762 813 haustra
1787 754 2071 815 videmus,

565 856 654 905 est
681 848 855 905 etiam
886 865 1123 922 quoque
1153 848 1236 904 uti
1264 848 1448 921 possit
1473 847 1702 904 caelum
1729 864 1907 905 omne
1937 863 2174 904 manere

566 937 625 995 in
653 933 923 1008 statione,
954 948 1150 996 tamen
1180 956 1316 994 cum
1346 936 1545 995 lucida
1570 937 1735 1013 signa
1762 938 2052 1009 ferantur3

570 1027 689 1086 sive
718 1027 882 1103 quod
910 1028 1116 1085 inclusi
1143 1027 1331 1103 rapidi
1358 1037 1495 1086 sunt
1521 1027 1771 1086 aetheris
1798 1036 1992 1085 aestus

566 1120 1034 1193 quaerentesque
1061 1118 1216 1175 viam
1242 1118 1468 1176 circum
1496 1127 1797 1176 versantur
1823 1127 1882 1175 et
1909 1118 2074 1193 ignes
2287 1135 2384 1189 520

564 1208 785 1284 passim
814 1226 919 1284 per
945 1209 1092 1267 caeli
1119 1208 1360 1266 volvunt
1389 1208 1726 1267 Summania
1755 1208 2010 1283 templa3

565 1300 684 1357 sive
714 1297 950 1357 aliunde
980 1299 1164 1357 fluens
1197 1298 1470 1357 alicunde
1500 1299 1860 1357 extrinsecus
1888 1299 1988 1357 aer

563 1398 751 1447 versat
778 1408 958 1465 agens
988 1390 1137 1465 ignis
1161 1410 1177 1462 3
1216 1390 1335 1447 sive
1364 1389 1475 1464 ipsi
1504 1407 1735 1465 serpere
1764 1385 2011 1466 possunt

564 1498 685 1555 quo
712 1480 997 1554 cuiusque
1025 1480 1191 1538 c'ibus
1217 1489 1390 1537 vocat
1417 1489 1594 1554 atque
1623 1480 1826 1539 invitat
1853 1480 2060 1552 euntiS‚

528 1567 533 1575 ’
564 1570 835 1629 flammea
862 1588 969 1645 per
995 1571 1224 1629 caelum
1256 1571 1554 1645 pascentis
1583 1588 1832 1645 corpora
1861 1571 2176 1653 passim?
2291 1586 2382 1641 ⁵25

562 1680 701 1720 nam
729 1659 873 1737 quid
902 1661 960 1718 in
989 1660 1104 1719 hoc
1133 1660 1357 1718 mundo
1387 1662 1460 1719 sit
1488 1678 1692 1718 eorum
1719 1676 1945 1735 ponere
1973 1670 2206 1719 certum

565 1752 803 1811 difficile
832 1761 921 1810 est
942 1772 959 1824 3
1002 1750 1110 1810 sed
1138 1745 1282 1831 quid
1310 1751 1495 1826 possit
1521 1751 1740 1825 fiatque
1767 1769 1874 1826 per
1899 1768 2079 1809 omne

496 1904 503 1911 ,
569 1843 630 1901 in
656 1844 825 1901 variis
852 1842 1089 1901 mundis
1115 1842 1272 1900 varia
1297 1843 1520 1900 ratione
1549 1842 1775 1915 creatiS,

566 1932 629 1991 id
656 1933 849 1991 doceo
878 1933 1173 2009 plurisque
1202 1951 1417 2007 sequor
1446 1932 1759 2007 disponere
1787 1950 2011 2004 causaS,

562 2024 817 2082 motibus
846 2033 1128 2081 astrorum
1157 2042 1307 2098 quae
1336 2024 1564 2098 possint
1590 2041 1718 2081 esse
1747 2040 1854 2098 per
1880 2040 2060 2082 omne
2081 2041 2100 2094 3
2285 2041 2379 2093 530

566 2132 600 2172 e
629 2114 840 2188 quibus
869 2132 986 2171 una
1012 2123 1208 2172 tamen
1240 2113 1312 2171 sit
1340 2114 1399 2172 in
1428 2113 1544 2171 hoc
1571 2131 1810 2189 quoque
1839 2131 2016 2171 causa
2042 2122 2342 2171 necessest

562 2222 713 2281 quae
741 2214 954 2280 vegeat
981 2213 1212 2263 motum
1244 2205 1423 2280 signis
1445 2225 1464 2277 3
1507 2204 1613 2263 sed
1643 2222 1795 2279 quae
1825 2206 1899 2264 sit
1926 2222 2127 2263 earum

564 2296 898 2371 praecipere
930 2294 1420 2383 hautquaquamst
1445 2294 1832 2369 pedetemtim
1859 2291 2340 2372 progredientis]

642 2387 937 2459 Terraque
967 2394 1031 2443 ut
1059 2386 1119 2442 in
1148 2384 1344 2443 media
1370 2384 1580 2443 mundi
1606 2386 1846 2461 regione
1883 2386 2170 2461 quiescat,

563 2493 907 2535 evanescere
936 2476 1214 2551 paulatim
1243 2485 1303 2533 et
1330 2475 1675 2534 decrescere
1704 2474 1939 2551 pondus
2289 2492 2378 2545 535

562 2566 855 2638 convenit,
886 2576 1061 2641 atque
1089 2566 1261 2623 aliam
1289 2552 1557 2624 naturam
1586 2576 1786 2642 supter
1813 2566 2028 2624 habere

562 2674 637 2713 ex
664 2657 901 2713 ineunte
929 2674 1078 2714 aevo
1106 2656 1485 2715 coniunctam
1514 2666 1692 2731 atque
1722 2656 1914 2714 uniter
1942 2663 2140 2731 aptam

563 2747 818 2822 partibus
845 2747 1012 2805 acriis
1040 2745 1246 2805 mundi
1275 2747 1488 2821 quibus
1516 2747 1687 2806 insita
1715 2748 1870 2805 vivit.

562 2846 871 2912 propterea
897 2855 1018 2894 non
1049 2846 1137 2895 est
1166 2838 1334 2895 oneri
1363 2855 1563 2913 neque
1593 2837 1866 2911 deprimit
1893 2854 2059 2893 auras
2080 2855 2099 2908 3

563 2937 627 2985 ut
654 2946 759 2985 sua
784 2927 997 3001 cuique
1027 2927 1253 2985 homini
1280 2928 1442 2987 nullo
1470 2926 1605 2987 sufit
1633 2926 1895 3003 pondere
1924 2926 2192 2985 membra
2286 2944 2377 2996 540

562 3036 674 3076 nec
702 3027 878 3092 caput
906 3027 993 3075 est
1021 3018 1184 3076 oneri
1215 3020 1369 3077 collo
1399 3035 1513 3076 nec
1543 3017 1798 3091 denique
1829 3026 2019 3075 totum

562 3108 825 3183 corporis
854 3109 912 3165 in
948 3108 1200 3184 pedibus
1230 3109 1468 3185 pondus
1497 3109 1780 3166 sentimus
1808 3108 2001 3166 inesse
2023 3127 2042 3180 3

560 3208 619 3256 at
647 3217 1060 3274 quaecumque
1090 3200 1228 3257 foris
1255 3201 1500 3259 veniunt
1529 3200 1877 3274 inpostaque
1906 3198 2080 3256 nobis

560 3288 826 3364 pondera
853 3299 988 3348 sunt
1014 3289 1272 3362 laedunt,
1304 3290 1605 3366 permulto
1635 3306 1813 3364 saepe
1841 3289 2086 3347 minora.

559 3396 744 3454 usque
773 3379 926 3438 adeo
956 3382 1152 3455 magni
1178 3382 1351 3438 refert
1380 3380 1524 3454 quid
1552 3397 1822 3456 quaeque
1851 3379 2028 3438 obeat
2053 3396 2165 3437 reS.
2277 3392 2364 3447 543

565 3467 650 3527 sic
680 3469 850 3545 igitur
877 3470 1045 3529 tellus
1074 3490 1195 3529 non
1225 3481 1313 3529 est
1340 3471 1529 3528 aliena
1556 3480 1798 3546 repente

562 3560 729 3617 allata
756 3570 933 3634 atque
964 3562 1118 3619 auris
1147 3560 1382 3619 aliunde
1413 3561 1897 3633 obiecta.alieniS,
1996 3566 2004 3573 '

1753 3804 1782 3821 Q
