<?xml version="1.0" encoding="UTF-8"?>
<!DOCTYPE html PUBLIC "-//W3C//DTD XHTML 1.0 Transitional//EN"
    "http://www.w3.org/TR/xhtml1/DTD/xhtml1-transitional.dtd">
<html xmlns="http://www.w3.org/1999/xhtml" xml:lang="en" lang="en">
 <head>
  <title>
</title>
<meta http-equiv="Content-Type" content="text/html;charset=utf-8" />
  <meta name='ocr-system' content='tesseract 3.04.00' />
  <meta name='ocr-capabilities' content='ocr_page ocr_carea ocr_par ocr_line ocrx_word'/>
</head>
<body>
  <div class='ocr_page' id='page_1' title='image "./tlucreticarider06unkngoog_0178.png"; bbox 0 0 2784 3992; ppageno 0'>
   <div class='ocr_carea' id='block_1_1' title="bbox 369 331 1504 405">
    <p class='ocr_par' dir='ltr' id='par_1_1' title="bbox 369 331 1504 405">
     <span class='ocr_line' id='line_1_1' title="bbox 369 331 1504 405; baseline 0.004 -5"><span class='ocrx_word' id='word_1_1' title='bbox 369 355 393 400; x_wconf 85' lang='lat'>1</span> <span class='ocrx_word' id='word_1_2' title='bbox 413 338 493 401; x_wconf 88' lang='lat'><strong>16</strong></span> <span class='ocrx_word' id='word_1_3' title='bbox 898 331 907 337; x_wconf 85' lang='lat'>&#39;</span> <span class='ocrx_word' id='word_1_4' title='bbox 1038 349 1504 405; x_wconf 81' lang='lat' dir='ltr'><strong>LUCRETms</strong></span> 
     </span>
    </p>
   </div>
   <div class='ocr_carea' id='block_1_2' title="bbox 266 510 1938 3651">
    <p class='ocr_par' dir='ltr' id='par_1_2' title="bbox 356 510 1634 588">
     <span class='ocr_line' id='line_1_2' title="bbox 356 510 1634 588; baseline -0.002 -18"><span class='ocrx_word' id='word_1_5' title='bbox 356 511 529 588; x_wconf 90' lang='lat' dir='ltr'><strong>plane</strong></span> <span class='ocrx_word' id='word_1_6' title='bbox 559 511 819 571; x_wconf 86' lang='lat' dir='ltr'><strong>exaudiri</strong></span> <span class='ocrx_word' id='word_1_7' title='bbox 849 510 1217 585; x_wconf 89' lang='lat' dir='ltr'><strong>discernique</strong></span> <span class='ocrx_word' id='word_1_8' title='bbox 1247 510 1594 569; x_wconf 86' lang='lat' dir='ltr'><strong>articulatim</strong></span> <span class='ocrx_word' id='word_1_9' title='bbox 1615 531 1634 584; x_wconf 91' lang='lat'>;</span> 
     </span>
    </p>

    <p class='ocr_par' dir='ltr' id='par_1_3' title="bbox 356 603 1753 687">
     <span class='ocr_line' id='line_1_3' title="bbox 356 603 1753 687; baseline -0.002 -24"><span class='ocrx_word' id='word_1_10' title='bbox 356 614 543 664; x_wconf 90' lang='lat' dir='ltr'><strong>servat</strong></span> <span class='ocrx_word' id='word_1_11' title='bbox 569 605 1129 687; x_wconf 68' lang='lat' dir='ltr'><strong>enimformaturam</strong></span> <span class='ocrx_word' id='word_1_12' title='bbox 1158 613 1461 679; x_wconf 91' lang='lat' dir='ltr'><strong>servatque</strong></span> <span class='ocrx_word' id='word_1_13' title='bbox 1491 603 1753 678; x_wconf 90' lang='lat' dir='ltr'><strong>figuram.</strong></span> 
     </span>
    </p>

    <p class='ocr_par' dir='ltr' id='par_1_4' title="bbox 354 694 1802 861">
     <span class='ocr_line' id='line_1_4' title="bbox 354 694 1802 770; baseline -0.002 -16"><span class='ocrx_word' id='word_1_14' title='bbox 354 706 413 754; x_wconf 93' lang='lat' dir='ltr'><strong>at</strong></span> <span class='ocrx_word' id='word_1_15' title='bbox 442 697 490 754; x_wconf 92' lang='lat' dir='ltr'><strong>si</strong></span> <span class='ocrx_word' id='word_1_16' title='bbox 518 696 923 770; x_wconf 89' lang='lat' dir='ltr'><strong>interpositum</strong></span> <span class='ocrx_word' id='word_1_17' title='bbox 952 695 1204 770; x_wconf 87' lang='lat' dir='ltr'><strong>spatium</strong></span> <span class='ocrx_word' id='word_1_18' title='bbox 1232 695 1305 752; x_wconf 91' lang='lat' dir='ltr'><strong>sit</strong></span> <span class='ocrx_word' id='word_1_19' title='bbox 1332 694 1561 769; x_wconf 89' lang='lat' dir='ltr'><strong>longius</strong></span> <span class='ocrx_word' id='word_1_20' title='bbox 1589 711 1802 768; x_wconf 89' lang='lat' dir='ltr'><strong>aequ0,</strong></span> 
     </span>
     <span class='ocr_line' id='line_1_5' title="bbox 355 784 1745 861; baseline 0 -18"><span class='ocrx_word' id='word_1_21' title='bbox 355 786 489 843; x_wconf 55' lang='lat' dir='ltr'><strong>abira</strong></span> <span class='ocrx_word' id='word_1_22' title='bbox 515 804 621 861; x_wconf 91' lang='lat' dir='ltr'><strong>per</strong></span> <span class='ocrx_word' id='word_1_23' title='bbox 649 786 894 844; x_wconf 91' lang='lat' dir='ltr'><strong>multum</strong></span> <span class='ocrx_word' id='word_1_24' title='bbox 925 784 1210 843; x_wconf 89' lang='lat' dir='ltr'><strong>confundi</strong></span> <span class='ocrx_word' id='word_1_25' title='bbox 1236 785 1417 843; x_wconf 89' lang='lat' dir='ltr'><strong>verba</strong></span> <span class='ocrx_word' id='word_1_26' title='bbox 1444 794 1745 843; x_wconf 88' lang='lat' dir='ltr'><strong>necessest</strong></span> 
     </span>
    </p>

    <p class='ocr_par' dir='ltr' id='par_1_5' title="bbox 346 875 1847 1857">
     <span class='ocr_line' id='line_1_6' title="bbox 354 875 1755 947; baseline -0.001 -14"><span class='ocrx_word' id='word_1_27' title='bbox 354 885 413 933; x_wconf 91' lang='lat' dir='ltr'><strong>et</strong></span> <span class='ocrx_word' id='word_1_28' title='bbox 440 877 771 934; x_wconf 91' lang='lat' dir='ltr'><strong>conturbari</strong></span> <span class='ocrx_word' id='word_1_29' title='bbox 798 894 1027 947; x_wconf 90' lang='lat' dir='ltr'><strong>vocem,</strong></span> <span class='ocrx_word' id='word_1_30' title='bbox 1059 875 1202 933; x_wconf 87' lang='lat' dir='ltr'><strong>dum</strong></span> <span class='ocrx_word' id='word_1_31' title='bbox 1231 876 1544 933; x_wconf 89' lang='lat' dir='ltr'><strong>transvolat</strong></span> <span class='ocrx_word' id='word_1_32' title='bbox 1571 893 1755 933; x_wconf 89' lang='lat' dir='ltr'><strong>auras.</strong></span> 
     </span>
     <span class='ocr_line' id='line_1_7' title="bbox 353 964 1847 1041; baseline 0 -18"><span class='ocrx_word' id='word_1_33' title='bbox 353 982 492 1041; x_wconf 89' lang='lat' dir='ltr'><strong>ergo</strong></span> <span class='ocrx_word' id='word_1_34' title='bbox 521 966 602 1037; x_wconf 90' lang='lat' dir='ltr'><strong>fit,</strong></span> <span class='ocrx_word' id='word_1_35' title='bbox 634 967 889 1024; x_wconf 89' lang='lat' dir='ltr'><strong>sonitum</strong></span> <span class='ocrx_word' id='word_1_36' title='bbox 917 975 981 1024; x_wconf 93' lang='lat' dir='ltr'><strong>ut</strong></span> <span class='ocrx_word' id='word_1_37' title='bbox 1008 966 1195 1041; x_wconf 89' lang='lat' dir='ltr'><strong>possis</strong></span> <span class='ocrx_word' id='word_1_38' title='bbox 1224 965 1438 1024; x_wconf 91' lang='lat' dir='ltr'><strong>sentire</strong></span> <span class='ocrx_word' id='word_1_39' title='bbox 1468 982 1664 1041; x_wconf 89' lang='lat' dir='ltr'><strong>neque</strong></span> <span class='ocrx_word' id='word_1_40' title='bbox 1695 964 1847 1023; x_wconf 84' lang='lat' dir='ltr'><strong>illam</strong></span> 
     </span>
     <span class='ocr_line' id='line_1_8' title="bbox 351 1056 1743 1130; baseline -0.001 -15"><span class='ocrx_word' id='word_1_41' title='bbox 351 1056 762 1129; x_wconf 88' lang='lat' dir='ltr'><strong>internoscere,</strong></span> <span class='ocrx_word' id='word_1_42' title='bbox 791 1057 1102 1115; x_wconf 90' lang='lat' dir='ltr'><strong>verborum</strong></span> <span class='ocrx_word' id='word_1_43' title='bbox 1131 1056 1422 1114; x_wconf 88' lang='lat' dir='ltr'><strong>sententia</strong></span> <span class='ocrx_word' id='word_1_44' title='bbox 1449 1073 1603 1130; x_wconf 90' lang='lat' dir='ltr'><strong>quae</strong></span> <span class='ocrx_word' id='word_1_45' title='bbox 1633 1056 1706 1113; x_wconf 88' lang='lat' dir='ltr'><strong>sit</strong></span> <span class='ocrx_word' id='word_1_46' title='bbox 1730 1077 1743 1113; x_wconf 91' lang='lat'>:</span> 
     </span>
     <span class='ocr_line' id='line_1_9' title="bbox 351 1145 1774 1223; baseline 0.001 -18"><span class='ocrx_word' id='word_1_47' title='bbox 351 1166 537 1223; x_wconf 90' lang='lat' dir='ltr'><strong>usque</strong></span> <span class='ocrx_word' id='word_1_48' title='bbox 566 1146 719 1205; x_wconf 92' lang='lat' dir='ltr'><strong>adeo</strong></span> <span class='ocrx_word' id='word_1_49' title='bbox 747 1148 993 1205; x_wconf 88' lang='lat' dir='ltr'><strong>confusa</strong></span> <span class='ocrx_word' id='word_1_50' title='bbox 1018 1148 1178 1205; x_wconf 91' lang='lat' dir='ltr'><strong>venit</strong></span> <span class='ocrx_word' id='word_1_51' title='bbox 1203 1164 1320 1204; x_wconf 90' lang='lat' dir='ltr'><strong>vox</strong></span> <span class='ocrx_word' id='word_1_52' title='bbox 1346 1146 1527 1221; x_wconf 92' lang='lat' dir='ltr'><strong>inque</strong></span> <span class='ocrx_word' id='word_1_53' title='bbox 1557 1145 1774 1221; x_wconf 86' lang='lat' dir='ltr'><strong>pedita.</strong></span> 
     </span>
     <span class='ocr_line' id='line_1_10' title="bbox 351 1236 1771 1313; baseline -0.001 -18"><span class='ocrx_word' id='word_1_54' title='bbox 351 1248 651 1313; x_wconf 89' lang='lat' dir='ltr'><strong>praeterea</strong></span> <span class='ocrx_word' id='word_1_55' title='bbox 678 1239 920 1296; x_wconf 89' lang='lat' dir='ltr'><strong>verbum</strong></span> <span class='ocrx_word' id='word_1_56' title='bbox 949 1256 1127 1313; x_wconf 89' lang='lat' dir='ltr'><strong>saepe</strong></span> <span class='ocrx_word' id='word_1_57' title='bbox 1154 1236 1337 1295; x_wconf 86' lang='lat' dir='ltr'><strong>unum</strong></span> <span class='ocrx_word' id='word_1_58' title='bbox 1365 1237 1592 1312; x_wconf 90' lang='lat' dir='ltr'><strong>perciet</strong></span> <span class='ocrx_word' id='word_1_59' title='bbox 1621 1237 1771 1295; x_wconf 91' lang='lat' dir='ltr'><strong>auris</strong></span> 
     </span>
     <span class='ocr_line' id='line_1_11' title="bbox 350 1328 1844 1404; baseline -0.001 -17"><span class='ocrx_word' id='word_1_60' title='bbox 350 1328 623 1388; x_wconf 91' lang='lat' dir='ltr'><strong>omnibus</strong></span> <span class='ocrx_word' id='word_1_61' title='bbox 650 1330 712 1386; x_wconf 92' lang='lat' dir='ltr'><strong>in</strong></span> <span class='ocrx_word' id='word_1_62' title='bbox 740 1329 982 1404; x_wconf 90' lang='lat' dir='ltr'><strong>popu10,</strong></span> <span class='ocrx_word' id='word_1_63' title='bbox 1012 1329 1251 1386; x_wconf 89' lang='lat' dir='ltr'><strong>missum</strong></span> <span class='ocrx_word' id='word_1_64' title='bbox 1281 1328 1591 1402; x_wconf 90' lang='lat' dir='ltr'><strong>praeconis</strong></span> <span class='ocrx_word' id='word_1_65' title='bbox 1620 1328 1696 1387; x_wconf 92' lang='lat' dir='ltr'><strong>ab</strong></span> <span class='ocrx_word' id='word_1_66' title='bbox 1724 1345 1844 1387; x_wconf 92' lang='lat' dir='ltr'><strong>ore.</strong></span> 
     </span>
     <span class='ocr_line' id='line_1_12' title="bbox 349 1419 1608 1495; baseline 0.001 -20"><span class='ocrx_word' id='word_1_67' title='bbox 349 1419 409 1476; x_wconf 91' lang='lat' dir='ltr'><strong>in</strong></span> <span class='ocrx_word' id='word_1_68' title='bbox 436 1419 647 1477; x_wconf 87' lang='lat' dir='ltr'><strong>multas</strong></span> <span class='ocrx_word' id='word_1_69' title='bbox 676 1419 845 1495; x_wconf 89' lang='lat' dir='ltr'><strong>igitur</strong></span> <span class='ocrx_word' id='word_1_70' title='bbox 870 1436 1051 1477; x_wconf 91' lang='lat' dir='ltr'><strong>voces</strong></span> <span class='ocrx_word' id='word_1_71' title='bbox 1077 1436 1193 1477; x_wconf 85' lang='lat' dir='ltr'><strong>vox</strong></span> <span class='ocrx_word' id='word_1_72' title='bbox 1221 1436 1338 1476; x_wconf 88' lang='lat' dir='ltr'><strong>una</strong></span> <span class='ocrx_word' id='word_1_73' title='bbox 1364 1426 1608 1493; x_wconf 89' lang='lat' dir='ltr'><strong>repente</strong></span> 
     </span>
     <span class='ocr_line' id='line_1_13' title="bbox 348 1507 1716 1585; baseline 0.001 -19"><span class='ocrx_word' id='word_1_74' title='bbox 348 1507 593 1585; x_wconf 88' lang='lat' dir='ltr'>diffugit,</span> <span class='ocrx_word' id='word_1_75' title='bbox 625 1510 684 1567; x_wconf 93' lang='lat' dir='ltr'><strong>in</strong></span> <span class='ocrx_word' id='word_1_76' title='bbox 710 1510 897 1585; x_wconf 89' lang='lat' dir='ltr'><strong>privas</strong></span> <span class='ocrx_word' id='word_1_77' title='bbox 925 1509 1204 1584; x_wconf 86' lang='lat' dir='ltr'><strong>quoniam</strong></span> <span class='ocrx_word' id='word_1_78' title='bbox 1233 1526 1296 1566; x_wconf 91' lang='lat' dir='ltr'><strong>se</strong></span> <span class='ocrx_word' id='word_1_79' title='bbox 1325 1507 1536 1567; x_wconf 91' lang='lat' dir='ltr'><strong>dividit</strong></span> <span class='ocrx_word' id='word_1_80' title='bbox 1565 1508 1716 1567; x_wconf 89' lang='lat' dir='ltr'><strong>auris</strong></span> 
     </span>
     <span class='ocr_line' id='line_1_14' title="bbox 348 1599 1813 1676; baseline 0 -19"><span class='ocrx_word' id='word_1_81' title='bbox 348 1600 660 1676; x_wconf 85' lang='lat' dir='ltr'><strong>obsignans</strong></span> <span class='ocrx_word' id='word_1_82' title='bbox 688 1601 933 1658; x_wconf 89' lang='lat' dir='ltr'><strong>formam</strong></span> <span class='ocrx_word' id='word_1_83' title='bbox 962 1600 1123 1658; x_wconf 90' lang='lat' dir='ltr'><strong>verbi</strong></span> <span class='ocrx_word' id='word_1_84' title='bbox 1151 1599 1489 1673; x_wconf 90' lang='lat' dir='ltr'><strong>clarumque</strong></span> <span class='ocrx_word' id='word_1_85' title='bbox 1519 1616 1813 1658; x_wconf 89' lang='lat' dir='ltr'><strong>sonorem.</strong></span> 
     </span>
     <span class='ocr_line' id='line_1_15' title="bbox 348 1689 1756 1766; baseline 0.001 -18"><span class='ocrx_word' id='word_1_86' title='bbox 348 1699 406 1748; x_wconf 92' lang='lat' dir='ltr'><strong>at</strong></span> <span class='ocrx_word' id='word_1_87' title='bbox 434 1708 584 1765; x_wconf 92' lang='lat' dir='ltr'><strong>quae</strong></span> <span class='ocrx_word' id='word_1_88' title='bbox 612 1708 745 1766; x_wconf 91' lang='lat' dir='ltr'><strong>pars</strong></span> <span class='ocrx_word' id='word_1_89' title='bbox 772 1708 989 1748; x_wconf 91' lang='lat' dir='ltr'><strong>vocum</strong></span> <span class='ocrx_word' id='word_1_90' title='bbox 1017 1708 1140 1748; x_wconf 96' lang='lat' dir='ltr'><strong>non</strong></span> <span class='ocrx_word' id='word_1_91' title='bbox 1166 1689 1319 1747; x_wconf 91' lang='lat' dir='ltr'><strong>auris</strong></span> <span class='ocrx_word' id='word_1_92' title='bbox 1347 1689 1554 1749; x_wconf 91' lang='lat' dir='ltr'><strong>incidit</strong></span> <span class='ocrx_word' id='word_1_93' title='bbox 1583 1690 1756 1765; x_wconf 81' lang='lat' dir='ltr'><strong>ipsaS,</strong></span> 
     </span>
     <span class='ocr_line' id='line_1_16' title="bbox 346 1779 1686 1857; baseline 0 -18"><span class='ocrx_word' id='word_1_94' title='bbox 346 1782 690 1856; x_wconf 85' lang='lat' dir='ltr'><strong>praeterlata</strong></span> <span class='ocrx_word' id='word_1_95' title='bbox 718 1782 867 1857; x_wconf 91' lang='lat' dir='ltr'><strong>perit</strong></span> <span class='ocrx_word' id='word_1_96' title='bbox 896 1782 1102 1838; x_wconf 88' lang='lat' dir='ltr'><strong>frustra</strong></span> <span class='ocrx_word' id='word_1_97' title='bbox 1129 1779 1339 1839; x_wconf 89' lang='lat' dir='ltr'><strong>diffusa</strong></span> <span class='ocrx_word' id='word_1_98' title='bbox 1367 1798 1475 1856; x_wconf 90' lang='lat' dir='ltr'><strong>per</strong></span> <span class='ocrx_word' id='word_1_99' title='bbox 1502 1799 1686 1839; x_wconf 80' lang='lat' dir='ltr'><strong>auras,</strong></span> 
     </span>
    </p>

    <p class='ocr_par' dir='ltr' id='par_1_6' title="bbox 266 1870 1638 1945">
     <span class='ocr_line' id='line_1_17' title="bbox 266 1870 1638 1945; baseline -0.001 -16"><span class='ocrx_word' id='word_1_100' title='bbox 266 1891 272 1897; x_wconf 90' lang='lat'>·</span> <span class='ocrx_word' id='word_1_101' title='bbox 345 1889 477 1945; x_wconf 90' lang='lat' dir='ltr'><strong>pars</strong></span> <span class='ocrx_word' id='word_1_102' title='bbox 506 1871 705 1929; x_wconf 88' lang='lat' dir='ltr'><strong>solidis</strong></span> <span class='ocrx_word' id='word_1_103' title='bbox 733 1870 917 1929; x_wconf 89' lang='lat' dir='ltr'><strong>adlisa</strong></span> <span class='ocrx_word' id='word_1_104' title='bbox 943 1871 1085 1928; x_wconf 88' lang='lat' dir='ltr'><strong>locis</strong></span> <span class='ocrx_word' id='word_1_105' title='bbox 1113 1871 1332 1928; x_wconf 89' lang='lat' dir='ltr'><strong>reiecta</strong></span> <span class='ocrx_word' id='word_1_106' title='bbox 1360 1888 1638 1930; x_wconf 89' lang='lat' dir='ltr'><strong>sonorem</strong></span> 
     </span>
    </p>

    <p class='ocr_par' dir='ltr' id='par_1_7' title="bbox 342 1961 1905 2760">
     <span class='ocr_line' id='line_1_18' title="bbox 344 1961 1765 2045; baseline -0.001 -27"><span class='ocrx_word' id='word_1_107' title='bbox 344 1961 537 2019; x_wconf 89' lang='lat' dir='ltr'><strong>reddit</strong></span> <span class='ocrx_word' id='word_1_108' title='bbox 566 1972 625 2020; x_wconf 93' lang='lat' dir='ltr'><strong>et</strong></span> <span class='ocrx_word' id='word_1_109' title='bbox 652 1961 947 2020; x_wconf 90' lang='lat' dir='ltr'><strong>interdum</strong></span> <span class='ocrx_word' id='word_1_110' title='bbox 977 1962 1279 2045; x_wconf 84' lang='lat' dir='ltr'><strong>frustratur</strong></span> <span class='ocrx_word' id='word_1_111' title='bbox 1306 1961 1561 2037; x_wconf 90' lang='lat' dir='ltr'><strong>imagine</strong></span> <span class='ocrx_word' id='word_1_112' title='bbox 1588 1961 1765 2020; x_wconf 91' lang='lat' dir='ltr'><strong>verbi.</strong></span> 
     </span>
     <span class='ocr_line' id='line_1_19' title="bbox 345 2051 1903 2128; baseline 0.001 -19"><span class='ocrx_word' id='word_1_113' title='bbox 345 2069 496 2127; x_wconf 90' lang='lat' dir='ltr'><strong>quae</strong></span> <span class='ocrx_word' id='word_1_114' title='bbox 523 2053 676 2110; x_wconf 91' lang='lat' dir='ltr'><strong>bene</strong></span> <span class='ocrx_word' id='word_1_115' title='bbox 705 2071 841 2110; x_wconf 92' lang='lat' dir='ltr'><strong>cum</strong></span> <span class='ocrx_word' id='word_1_116' title='bbox 869 2051 1088 2122; x_wconf 87' lang='lat' dir='ltr'><strong>videas,</strong></span> <span class='ocrx_word' id='word_1_117' title='bbox 1118 2052 1408 2110; x_wconf 89' lang='lat' dir='ltr'><strong>rationem</strong></span> <span class='ocrx_word' id='word_1_118' title='bbox 1435 2051 1684 2110; x_wconf 87' lang='lat' dir='ltr'><strong>reddere</strong></span> <span class='ocrx_word' id='word_1_119' title='bbox 1714 2052 1903 2128; x_wconf 89' lang='lat' dir='ltr'><strong>possis</strong></span> 
     </span>
     <span class='ocr_line' id='line_1_20' title="bbox 345 2142 1905 2223; baseline 0.001 -23"><span class='ocrx_word' id='word_1_120' title='bbox 345 2152 466 2201; x_wconf 90' lang='lat' dir='ltr'><strong>tute</strong></span> <span class='ocrx_word' id='word_1_121' title='bbox 494 2142 599 2200; x_wconf 93' lang='lat' dir='ltr'><strong>tibi</strong></span> <span class='ocrx_word' id='word_1_122' title='bbox 627 2153 802 2217; x_wconf 89' lang='lat' dir='ltr'><strong>atque</strong></span> <span class='ocrx_word' id='word_1_123' title='bbox 830 2143 971 2214; x_wconf 86' lang='lat' dir='ltr'><strong>aliis,</strong></span> <span class='ocrx_word' id='word_1_124' title='bbox 1001 2160 1121 2217; x_wconf 94' lang='lat' dir='ltr'><strong>quo</strong></span> <span class='ocrx_word' id='word_1_125' title='bbox 1148 2152 1324 2217; x_wconf 92' lang='lat' dir='ltr'><strong>pacto</strong></span> <span class='ocrx_word' id='word_1_126' title='bbox 1352 2160 1460 2218; x_wconf 92' lang='lat' dir='ltr'><strong>per</strong></span> <span class='ocrx_word' id='word_1_127' title='bbox 1484 2144 1617 2200; x_wconf 90' lang='lat' dir='ltr'><strong>loca</strong></span> <span class='ocrx_word' id='word_1_128' title='bbox 1644 2143 1768 2201; x_wconf 87' lang='lat' dir='ltr'><strong>sola</strong></span> <span class='ocrx_word' id='word_1_129' title='bbox 1901 2218 1905 2223; x_wconf 26' lang='grc' dir='ltr'>Ι</span> 
     </span>
     <span class='ocr_line' id='line_1_21' title="bbox 344 2231 1875 2308; baseline 0.001 -18"><span class='ocrx_word' id='word_1_130' title='bbox 344 2251 483 2290; x_wconf 87' lang='lat' dir='ltr'><strong>saxa</strong></span> <span class='ocrx_word' id='word_1_131' title='bbox 508 2234 659 2308; x_wconf 88' lang='lat' dir='ltr'><strong>paris</strong></span> <span class='ocrx_word' id='word_1_132' title='bbox 688 2233 901 2292; x_wconf 89' lang='lat' dir='ltr'><strong>formas</strong></span> <span class='ocrx_word' id='word_1_133' title='bbox 930 2233 1237 2291; x_wconf 90' lang='lat' dir='ltr'><strong>verborum</strong></span> <span class='ocrx_word' id='word_1_134' title='bbox 1268 2252 1342 2291; x_wconf 83' lang='lat' dir='ltr'><strong>ex</strong></span> <span class='ocrx_word' id='word_1_135' title='bbox 1370 2231 1577 2291; x_wconf 89' lang='lat' dir='ltr'><strong>ordine</strong></span> <span class='ocrx_word' id='word_1_136' title='bbox 1608 2232 1875 2306; x_wconf 89' lang='lat' dir='ltr'><strong>reddant,</strong></span> 
     </span>
     <span class='ocr_line' id='line_1_22' title="bbox 343 2323 1754 2425; baseline 0.002 -45"><span class='ocrx_word' id='word_1_137' title='bbox 343 2323 587 2398; x_wconf 88' lang='lat' dir='ltr'><strong>palantis</strong></span> <span class='ocrx_word' id='word_1_138' title='bbox 616 2323 862 2381; x_wconf 88' lang='lat' dir='ltr'><strong>comites</strong></span> <span class='ocrx_word' id='word_1_139' title='bbox 893 2340 1075 2397; x_wconf 92' lang='lat' dir='ltr'><strong>quom</strong></span> <span class='ocrx_word' id='word_1_140' title='bbox 1104 2324 1321 2382; x_wconf 89' lang='lat' dir='ltr'><strong>montis</strong></span> <span class='ocrx_word' id='word_1_141' title='bbox 1351 2324 1502 2381; x_wconf 89' lang='lat' dir='ltr'><strong>inter</strong></span> <span class='ocrx_word' id='word_1_142' title='bbox 1532 2341 1754 2425; x_wconf 81' lang='lat' dir='ltr'><strong>opacos</strong></span> 
     </span>
     <span class='ocr_line' id='line_1_23' title="bbox 343 2412 1778 2488; baseline 0.001 -18"><span class='ocrx_word' id='word_1_143' title='bbox 343 2414 673 2488; x_wconf 89' lang='lat' dir='ltr'><strong>quaerimus</strong></span> <span class='ocrx_word' id='word_1_144' title='bbox 702 2423 761 2471; x_wconf 90' lang='lat' dir='ltr'><strong>et</strong></span> <span class='ocrx_word' id='word_1_145' title='bbox 789 2431 1002 2488; x_wconf 91' lang='lat' dir='ltr'><strong>magna</strong></span> <span class='ocrx_word' id='word_1_146' title='bbox 1031 2412 1329 2488; x_wconf 87' lang='lat' dir='ltr'><strong>dispersos</strong></span> <span class='ocrx_word' id='word_1_147' title='bbox 1356 2431 1506 2472; x_wconf 91' lang='lat' dir='ltr'><strong>voce</strong></span> <span class='ocrx_word' id='word_1_148' title='bbox 1537 2414 1778 2473; x_wconf 89' lang='lat' dir='ltr'><strong>ciemus.</strong></span> 
     </span>
     <span class='ocr_line' id='line_1_24' title="bbox 345 2503 1837 2578; baseline 0.001 -17"><span class='ocrx_word' id='word_1_149' title='bbox 345 2522 448 2561; x_wconf 86' lang='lat' dir='ltr'><strong>sex</strong></span> <span class='ocrx_word' id='word_1_150' title='bbox 476 2504 651 2562; x_wconf 89' lang='lat' dir='ltr'><strong>etiam</strong></span> <span class='ocrx_word' id='word_1_151' title='bbox 679 2513 781 2562; x_wconf 92' lang='lat' dir='ltr'><strong>aut</strong></span> <span class='ocrx_word' id='word_1_152' title='bbox 808 2514 1036 2578; x_wconf 89' lang='lat' dir='ltr'><strong>septem</strong></span> <span class='ocrx_word' id='word_1_153' title='bbox 1065 2505 1199 2562; x_wconf 89' lang='lat' dir='ltr'><strong>loca</strong></span> <span class='ocrx_word' id='word_1_154' title='bbox 1225 2503 1347 2562; x_wconf 90' lang='lat' dir='ltr'><strong>vidi</strong></span> <span class='ocrx_word' id='word_1_155' title='bbox 1376 2503 1627 2563; x_wconf 90' lang='lat' dir='ltr'><strong>reddere</strong></span> <span class='ocrx_word' id='word_1_156' title='bbox 1656 2506 1837 2577; x_wconf 82' lang='lat' dir='ltr'><strong>vociS,</strong></span> 
     </span>
     <span class='ocr_line' id='line_1_25' title="bbox 342 2595 1720 2671; baseline 0.001 -20"><span class='ocrx_word' id='word_1_157' title='bbox 342 2612 519 2651; x_wconf 91' lang='lat' dir='ltr'><strong>unam</strong></span> <span class='ocrx_word' id='word_1_158' title='bbox 547 2613 685 2652; x_wconf 90' lang='lat' dir='ltr'><strong>cum</strong></span> <span class='ocrx_word' id='word_1_159' title='bbox 714 2595 969 2652; x_wconf 90' lang='lat' dir='ltr'><strong>iaceres:</strong></span> <span class='ocrx_word' id='word_1_160' title='bbox 1018 2595 1097 2652; x_wconf 91' lang='lat' dir='ltr'><strong>ita</strong></span> <span class='ocrx_word' id='word_1_161' title='bbox 1125 2596 1306 2654; x_wconf 93' lang='lat' dir='ltr'><strong>colles</strong></span> <span class='ocrx_word' id='word_1_162' title='bbox 1336 2595 1626 2654; x_wconf 91' lang='lat' dir='ltr'><strong>collibus&#39;</strong></span> <span class='ocrx_word' id='word_1_163' title='bbox 1611 2596 1720 2671; x_wconf 72' lang='lat' dir='ltr'><strong>ipsi</strong></span> 
     </span>
     <span class='ocr_line' id='line_1_26' title="bbox 342 2685 1663 2760; baseline 0.002 -19"><span class='ocrx_word' id='word_1_164' title='bbox 342 2686 517 2742; x_wconf 89' lang='lat' dir='ltr'><strong>verba</strong></span> <span class='ocrx_word' id='word_1_165' title='bbox 541 2686 899 2760; x_wconf 87' lang='lat' dir='ltr'><strong>repulsantes</strong></span> <span class='ocrx_word' id='word_1_166' title='bbox 928 2685 1215 2744; x_wconf 90' lang='lat' dir='ltr'><strong>iterabant</strong></span> <span class='ocrx_word' id='word_1_167' title='bbox 1244 2686 1424 2744; x_wconf 91' lang='lat' dir='ltr'><strong>docta</strong></span> <span class='ocrx_word' id='word_1_168' title='bbox 1451 2687 1663 2745; x_wconf 89' lang='lat' dir='ltr'><strong>referri.</strong></span> 
     </span>
    </p>

    <p class='ocr_par' dir='ltr' id='par_1_8' title="bbox 340 2774 1938 3304">
     <span class='ocr_line' id='line_1_27' title="bbox 342 2774 1938 2853; baseline 0.001 -21"><span class='ocrx_word' id='word_1_169' title='bbox 342 2774 491 2833; x_wconf 88' lang='lat' dir='ltr'><strong>haec</strong></span> <span class='ocrx_word' id='word_1_170' title='bbox 516 2776 649 2833; x_wconf 94' lang='lat' dir='ltr'><strong>loca</strong></span> <span class='ocrx_word' id='word_1_171' title='bbox 675 2775 1020 2851; x_wconf 90' lang='lat' dir='ltr'><strong>capripedes</strong></span> <span class='ocrx_word' id='word_1_172' title='bbox 1050 2787 1270 2853; x_wconf 77' lang='lat' dir='ltr'><strong>satyros</strong></span> <span class='ocrx_word' id='word_1_173' title='bbox 1301 2777 1709 2852; x_wconf 81' lang='lat' dir='ltr'><strong>nymphasque</strong></span> <span class='ocrx_word' id='word_1_174' title='bbox 1738 2785 1938 2834; x_wconf 89' lang='lat' dir='ltr'><strong>tenere</strong></span> 
     </span>
     <span class='ocr_line' id='line_1_28' title="bbox 342 2850 1614 2940; baseline 0.002 -17"><span class='ocrx_word' id='word_1_175' title='bbox 342 2865 570 2923; x_wconf 87' lang='lat' dir='ltr'><strong>finitimi</strong></span> <span class='ocrx_word' id='word_1_176' title='bbox 601 2865 828 2940; x_wconf 91' lang='lat' dir='ltr'><strong>fingunt</strong></span> <span class='ocrx_word' id='word_1_177' title='bbox 857 2877 917 2924; x_wconf 92' lang='lat' dir='ltr'><strong>et</strong></span> <span class='ocrx_word' id='word_1_178' title='bbox 946 2850 1152 2924; x_wconf 50' lang='lat' dir='ltr'><strong>saun-os</strong></span> <span class='ocrx_word' id='word_1_179' title='bbox 1183 2885 1311 2924; x_wconf 90' lang='lat' dir='ltr'><strong>esse</strong></span> <span class='ocrx_word' id='word_1_180' title='bbox 1341 2867 1614 2925; x_wconf 90' lang='lat' dir='ltr'><strong>locuntur</strong></span> 
     </span>
     <span class='ocr_line' id='line_1_29' title="bbox 342 2956 1743 3033; baseline 0.003 -21"><span class='ocrx_word' id='word_1_181' title='bbox 342 2972 591 3029; x_wconf 92' lang='lat' dir='ltr'><strong>quorum</strong></span> <span class='ocrx_word' id='word_1_182' title='bbox 621 2957 928 3031; x_wconf 88' lang='lat' dir='ltr'><strong>noctivago</strong></span> <span class='ocrx_word' id='word_1_183' title='bbox 962 2958 1203 3032; x_wconf 90' lang='lat' dir='ltr'><strong>strepitu</strong></span> <span class='ocrx_word' id='word_1_184' title='bbox 1234 2956 1495 3033; x_wconf 92' lang='lat' dir='ltr'><strong>ludoque</strong></span> <span class='ocrx_word' id='word_1_185' title='bbox 1527 2958 1743 3016; x_wconf 88' lang='lat' dir='ltr'><strong>iocanti</strong></span> 
     </span>
     <span class='ocr_line' id='line_1_30' title="bbox 342 3045 1639 3124; baseline 0.003 -22"><span class='ocrx_word' id='word_1_186' title='bbox 342 3045 653 3103; x_wconf 84' lang='lat' dir='ltr'><strong>adfirmant</strong></span> <span class='ocrx_word' id='word_1_187' title='bbox 680 3046 852 3121; x_wconf 89' lang='lat' dir='ltr'><strong>volgo</strong></span> <span class='ocrx_word' id='word_1_188' title='bbox 881 3048 1167 3105; x_wconf 91' lang='lat' dir='ltr'><strong>taciturna</strong></span> <span class='ocrx_word' id='word_1_189' title='bbox 1194 3048 1422 3105; x_wconf 89' lang='lat' dir='ltr'><strong>silentia</strong></span> <span class='ocrx_word' id='word_1_190' title='bbox 1448 3050 1639 3124; x_wconf 88' lang='lat' dir='ltr'><strong>rumpi</strong></span> 
     </span>
     <span class='ocr_line' id='line_1_31' title="bbox 342 3135 1838 3214; baseline 0.002 -20"><span class='ocrx_word' id='word_1_191' title='bbox 342 3135 811 3211; x_wconf 90' lang='lat' dir='ltr'><strong>chordarumque</strong></span> <span class='ocrx_word' id='word_1_192' title='bbox 841 3156 1019 3196; x_wconf 87' lang='lat' dir='ltr'><strong>sonos</strong></span> <span class='ocrx_word' id='word_1_193' title='bbox 1048 3138 1170 3195; x_wconf 90' lang='lat' dir='ltr'><strong>fieri</strong></span> <span class='ocrx_word' id='word_1_194' title='bbox 1203 3138 1509 3212; x_wconf 89' lang='lat' dir='ltr'><strong>dulcisque</strong></span> <span class='ocrx_word' id='word_1_195' title='bbox 1537 3138 1838 3214; x_wconf 83' lang='lat' dir='ltr'><strong>querellaS,</strong></span> 
     </span>
     <span class='ocr_line' id='line_1_32' title="bbox 340 3226 1710 3304; baseline 0.001 -18"><span class='ocrx_word' id='word_1_196' title='bbox 340 3226 481 3286; x_wconf 91' lang='lat' dir='ltr'><strong>tibia</strong></span> <span class='ocrx_word' id='word_1_197' title='bbox 509 3245 653 3301; x_wconf 90' lang='lat' dir='ltr'><strong>quas</strong></span> <span class='ocrx_word' id='word_1_198' title='bbox 681 3228 872 3286; x_wconf 86' lang='lat' dir='ltr'><strong>fundit</strong></span> <span class='ocrx_word' id='word_1_199' title='bbox 901 3228 1094 3304; x_wconf 88' lang='lat' dir='ltr'><strong>digitis</strong></span> <span class='ocrx_word' id='word_1_200' title='bbox 1123 3229 1349 3303; x_wconf 85' lang='lat' dir='ltr'><strong>pulsata</strong></span> <span class='ocrx_word' id='word_1_201' title='bbox 1378 3240 1710 3301; x_wconf 89' lang='lat' dir='ltr'><strong>canentum,</strong></span> 
     </span>
    </p>

    <p class='ocr_par' dir='ltr' id='par_1_9' title="bbox 341 3319 1836 3485">
     <span class='ocr_line' id='line_1_33' title="bbox 342 3319 1836 3394; baseline 0.001 -17"><span class='ocrx_word' id='word_1_202' title='bbox 342 3328 401 3377; x_wconf 92' lang='lat' dir='ltr'><strong>et</strong></span> <span class='ocrx_word' id='word_1_203' title='bbox 429 3336 612 3394; x_wconf 89' lang='lat' dir='ltr'><strong>genus</strong></span> <span class='ocrx_word' id='word_1_204' title='bbox 640 3319 958 3393; x_wconf 91' lang='lat' dir='ltr'><strong>agricolum</strong></span> <span class='ocrx_word' id='word_1_205' title='bbox 987 3319 1100 3376; x_wconf 89' lang='lat' dir='ltr'><strong>late</strong></span> <span class='ocrx_word' id='word_1_206' title='bbox 1134 3320 1468 3393; x_wconf 56' lang='lat' dir='ltr'><strong>sentiscere,</strong></span> <span class='ocrx_word' id='word_1_207' title='bbox 1501 3337 1682 3394; x_wconf 93' lang='lat' dir='ltr'><strong>quom</strong></span> <span class='ocrx_word' id='word_1_208' title='bbox 1713 3320 1836 3378; x_wconf 87' lang='lat' dir='ltr'><strong>Pan</strong></span> 
     </span>
     <span class='ocr_line' id='line_1_34' title="bbox 341 3409 1660 3485; baseline 0.001 -18"><span class='ocrx_word' id='word_1_209' title='bbox 341 3409 518 3484; x_wconf 89' lang='lat' dir='ltr'><strong>pinea</strong></span> <span class='ocrx_word' id='word_1_210' title='bbox 544 3410 794 3467; x_wconf 86' lang='lat' dir='ltr'><strong>semiferi</strong></span> <span class='ocrx_word' id='word_1_211' title='bbox 823 3410 1029 3485; x_wconf 89' lang='lat' dir='ltr'><strong>capitis</strong></span> <span class='ocrx_word' id='word_1_212' title='bbox 1057 3409 1348 3481; x_wconf 83' lang='lat' dir='ltr'><strong>velamina</strong></span> <span class='ocrx_word' id='word_1_213' title='bbox 1378 3428 1660 3485; x_wconf 89' lang='lat' dir='ltr'><strong>quassans</strong></span> 
     </span>
    </p>

    <p class='ocr_par' dir='ltr' id='par_1_10' title="bbox 343 3500 1749 3651">
     <span class='ocr_line' id='line_1_35' title="bbox 343 3500 1739 3575; baseline 0.001 -17"><span class='ocrx_word' id='word_1_214' title='bbox 343 3518 498 3558; x_wconf 89' lang='lat' dir='ltr'><strong>unco</strong></span> <span class='ocrx_word' id='word_1_215' title='bbox 527 3518 702 3574; x_wconf 92' lang='lat' dir='ltr'><strong>saepe</strong></span> <span class='ocrx_word' id='word_1_216' title='bbox 730 3500 891 3558; x_wconf 91' lang='lat' dir='ltr'><strong>labro</strong></span> <span class='ocrx_word' id='word_1_217' title='bbox 921 3500 1175 3557; x_wconf 87' lang='lat' dir='ltr'><strong>calamos</strong></span> <span class='ocrx_word' id='word_1_218' title='bbox 1203 3501 1484 3575; x_wconf 81' lang='lat' dir='ltr'><strong>percurrit</strong></span> <span class='ocrx_word' id='word_1_219' title='bbox 1510 3500 1739 3573; x_wconf 84' lang='lat' dir='ltr'><strong>hiantiS,</strong></span> 
     </span>
     <span class='ocr_line' id='line_1_36' title="bbox 343 3589 1749 3651; baseline 0.002 -3"><span class='ocrx_word' id='word_1_220' title='bbox 343 3589 533 3648; x_wconf 87' lang='lat' dir='ltr'><strong>fistula</strong></span> <span class='ocrx_word' id='word_1_221' title='bbox 558 3590 877 3648; x_wconf 85' lang='lat' dir='ltr'><strong>silvestrem</strong></span> <span class='ocrx_word' id='word_1_222' title='bbox 906 3608 982 3648; x_wconf 92' lang='lat' dir='ltr'><strong>ne</strong></span> <span class='ocrx_word' id='word_1_223' title='bbox 1012 3601 1202 3650; x_wconf 89' lang='lat' dir='ltr'><strong>cesset</strong></span> <span class='ocrx_word' id='word_1_224' title='bbox 1229 3590 1473 3650; x_wconf 89' lang='lat' dir='ltr'><strong>fundere</strong></span> <span class='ocrx_word' id='word_1_225' title='bbox 1503 3609 1749 3651; x_wconf 86' lang='lat' dir='ltr'><strong>musam.</strong></span> 
     </span>
    </p>
   </div>
   <div class='ocr_carea' id='block_1_3' title="bbox 2035 350 2168 422">
    <p class='ocr_par' dir='ltr' id='par_1_11' title="bbox 2035 350 2168 422">
     <span class='ocr_line' id='line_1_37' title="bbox 2035 350 2168 422; baseline 0 -18"><span class='ocrx_word' id='word_1_226' title='bbox 2035 350 2168 422; x_wconf 79' lang='lat' dir='ltr'>[lv.</span> 
     </span>
    </p>
   </div>
   <div class='ocr_carea' id='block_1_4' title="bbox 2075 530 2171 586">
    <p class='ocr_par' dir='ltr' id='par_1_12' title="bbox 2075 530 2171 586">
     <span class='ocr_line' id='line_1_38' title="bbox 2075 530 2171 586; baseline -0.021 0"><span class='ocrx_word' id='word_1_227' title='bbox 2075 530 2171 586; x_wconf 81' lang='lat'><strong>555</strong></span> 
     </span>
    </p>
   </div>
   <div class='ocr_carea' id='block_1_5' title="bbox 2071 1425 2168 1492">
    <p class='ocr_par' dir='ltr' id='par_1_13' title="bbox 2071 1425 2168 1492">
     <span class='ocr_line' id='line_1_39' title="bbox 2071 1425 2168 1492; baseline 0 0"><span class='ocrx_word' id='word_1_228' title='bbox 2071 1425 2168 1492; x_wconf 82' lang='lat'><strong>565</strong></span> 
     </span>
    </p>
   </div>
   <div class='ocr_carea' id='block_1_6' title="bbox 2071 1890 2170 1943">
    <p class='ocr_par' dir='ltr' id='par_1_14' title="bbox 2071 1890 2170 1943">
     <span class='ocr_line' id='line_1_40' title="bbox 2071 1890 2170 1943; baseline -0.04 0"><span class='ocrx_word' id='word_1_229' title='bbox 2071 1890 2170 1943; x_wconf 82' lang='lat'><strong>⁵70</strong></span> 
     </span>
    </p>
   </div>
   <div class='ocr_carea' id='block_1_7' title="bbox 2068 2343 2164 2398">
    <p class='ocr_par' dir='ltr' id='par_1_15' title="bbox 2068 2343 2164 2398">
     <span class='ocr_line' id='line_1_41' title="bbox 2068 2343 2164 2398; baseline -0.021 -1"><span class='ocrx_word' id='word_1_230' title='bbox 2068 2343 2164 2398; x_wconf 81' lang='lat'><strong>575</strong></span> 
     </span>
    </p>
   </div>
   <div class='ocr_carea' id='block_1_8' title="bbox 2060 3237 2170 3315">
    <p class='ocr_par' dir='ltr' id='par_1_16' title="bbox 2060 3237 2170 3315">
     <span class='ocr_line' id='line_1_42' title="bbox 2060 3237 2170 3315; baseline 0 -14"><span class='ocrx_word' id='word_1_231' title='bbox 2060 3237 2170 3315; x_wconf 53' lang='lat'><strong>585</strong></span> 
     </span>
    </p>
   </div>
  </div>
 </body>
</html>
