2784 3992
525 340 549 385 1
566 322 648 385 86
1198 335 1662 389 LUCRETms
2188 331 2320 403 [vl.

518 496 748 559 efficere
779 514 962 571 usque
990 495 1144 555 adeo
1173 496 1395 572 pellens
1427 496 1648 553 fervore
1677 513 1924 553 corusco
1949 516 1960 553 ι

518 597 681 646 tanto
712 589 979 646 mobilior
1005 588 1088 646 vis
1119 597 1177 645 et
1206 587 1602 646 dominantior
1629 585 1775 644 haec
1804 595 1908 644 est.

598 680 774 736 Nunc
804 698 874 736 ea
900 698 1019 752 quo
1049 688 1224 754 pacto
1251 679 1555 753 gignantur
1587 687 1646 735 et
1674 678 1892 752 impete
1921 685 2082 735 tanto

516 768 659 826 fiant
686 779 749 827 ut
777 768 1001 843 possint
1029 770 1147 826 ictu
1178 768 1506 826 discludere
1539 777 1718 838 turris,
2231 787 2325 835 ²40

514 859 832 917 disturbare
862 860 1091 932 domos,
1122 860 1365 917 avellere
1394 860 1554 934 tigna
1583 859 1909 933 trabesque,

515 961 575 1008 et
603 952 965 1008 monimenta
994 952 1175 1009 virum
1206 951 1472 1008 demoliri
1501 960 1675 1023 atque
1706 966 1984 1019 cremare,

514 1042 842 1098 exanimare
872 1041 1160 1113 homines,
1190 1040 1450 1116 pecudes
1481 1050 1844 1115 prosternere
1874 1038 2108 1113 passim,

514 1141 708 1190 cetera
736 1132 811 1189 de
838 1150 1050 1207 genere
1083 1132 1196 1189 hoc
1225 1150 1343 1207 qua
1370 1130 1428 1188 vi
1457 1130 1645 1188 facere
1676 1127 1876 1187 omnia
1903 1130 2143 1204 possint,

514 1222 839 1297 expediam,
870 1241 1065 1297 neque
1094 1232 1150 1280 te
1183 1223 1241 1279 iri
1270 1220 1564 1296 promissis
1593 1221 1758 1296 plura
1786 1220 2074 1278 morabor.
2227 1238 2317 1291 245

595 1314 861 1370 Fulmina
886 1313 1109 1388 gignier
1138 1332 1170 1371 e
1201 1314 1404 1370 crassis
1435 1314 1667 1387 alteque
1699 1310 2082 1386 putandumst

510 1404 761 1461 nubibus
792 1405 1061 1461 extructis
1084 1425 1101 1477 ;
1144 1422 1280 1461 nam
1311 1404 1476 1461 caelo
1503 1403 1660 1461 nulla
1686 1420 1895 1461 sereno

510 1511 622 1551 nec
650 1494 849 1551 leviter
876 1495 1071 1552 densis
1102 1495 1404 1551 mittuntur
1432 1493 1682 1551 nubibus
1714 1510 2008 1567 umquam.

508 1570 645 1641 nam
675 1584 855 1642 dubio
886 1586 1088 1659 procul
1118 1584 1232 1641 hoc
1262 1585 1382 1641 fieri
1415 1584 1718 1641 manifesta
1744 1581 1922 1642 docet
1951 1600 2040 1640 res
2064 1603 2080 1654 ;

508 1675 672 1748 quod
700 1684 823 1733 tum
852 1693 957 1749 per
984 1684 1169 1733 totum
1201 1658 1586 1732 concrescunt
1615 1674 1748 1731 aera
1775 1674 1979 1741 nubeS,
2225 1692 2319 1744 250

508 1763 767 1840 undique
796 1766 877 1822 uti
908 1766 1174 1823 tenebras
1202 1765 1392 1823 omnis
1423 1764 1758 1823 Acherunta
1783 1782 2014 1822 reamur

506 1854 739 1929 liquisse
770 1864 827 1913 et
857 1875 1093 1931 magnas
1122 1856 1265 1913 caeli
1299 1855 1625 1930 complesse
1655 1873 1930 1913 cavernas
1952 1874 1969 1927 ;

507 1963 693 2019 usque
723 1946 874 2003 adeo
908 1956 1089 2003 taetra
1119 1946 1448 2004 nimborum
1479 1955 1657 2003 nocte
1687 1955 1892 2003 coorta

506 2035 831 2111 inpendent
860 2046 1016 2094 atrae
1048 2036 1369 2095 formidinis
1400 2055 1501 2094 ora
1530 2054 1779 2111 superne

505 2143 643 2183 cum
672 2128 997 2187 commoliri
1029 2136 1342 2201 tempestas
1374 2128 1613 2183 fulmina
1642 2135 1894 2201 coeptat.
2221 2142 2310 2196 255
2384 2186 2394 2195 ,

502 2226 801 2291 praeterea
828 2235 1109 2291 persaepe
1139 2218 1303 2291 niger
1331 2234 1568 2292 quoque
1599 2234 1704 2291 per
1733 2234 1890 2274 mare
1921 2215 2173 2283 nimbuS,

502 2315 568 2364 ut
596 2308 740 2382 picis
769 2326 802 2364 e
832 2309 995 2364 caelo
1026 2307 1342 2365 demissum
1374 2308 1611 2377 flumen,
1642 2309 1702 2363 in
1731 2307 1920 2365 undas

503 2397 587 2455 sic
616 2397 775 2454 cadit
803 2396 1033 2455 effertus
1066 2398 1315 2455 tenebris
1345 2399 1549 2472 procul
1579 2407 1637 2455 et
1667 2398 1836 2455 trahit
1865 2406 2048 2454 atram

501 2487 835 2546 fulminibus
863 2488 1159 2563 gravidam
1192 2498 1601 2564 tempestatem
1632 2498 1807 2563 atque
1837 2488 2125 2563 procellis,

501 2578 729 2653 ignibus
758 2598 827 2635 ac
856 2579 1043 2637 ventis
1074 2597 1208 2635 cum
1240 2579 1441 2653 primis
1473 2561 1602 2654 ipse*
1626 2579 1897 2653 repletuS,
2217 2583 2313 2634 260

501 2669 560 2726 in
590 2678 740 2727 terra
767 2688 1004 2745 quoque
1036 2678 1100 2726 ut
1130 2669 1468 2726 horrescant
1496 2688 1566 2726 ac
1598 2678 1752 2726 tecta
1779 2669 2090 2742 requirant.

499 2760 582 2817 sic
611 2760 780 2835 igitur
808 2778 1016 2835 supera
1042 2769 1303 2818 nostrum
1333 2770 1511 2834 caput
1539 2778 1665 2817 esse
1695 2758 2074 2835 putandumst

498 2858 905 2924 tempestatem
934 2852 1129 2908 altam.
1162 2868 1355 2924 neque
1385 2851 1542 2907 enim
1573 2850 1819 2925 caligine
1849 2859 2008 2907 tanta

498 2940 809 2998 obruerent
837 2949 1033 3013 terras,
1064 2941 1169 2998 nisi
1201 2940 1567 2998 inaedificata
1595 2958 1844 3015 superne

497 3032 678 3088 multa
704 3032 892 3089 forent
923 3033 1112 3089 multis
1141 3042 1420 3107 exempto
1449 3033 1648 3090 nubila
1676 3032 1798 3089 sole
1820 3052 1837 3103 3
2215 3036 2306 3101 265

497 3139 609 3179 nec
640 3132 801 3180 tanto
830 3133 1070 3197 possent
1098 3125 1399 3181 venientes
1429 3123 1758 3197 opprimere
1788 3121 1975 3193 imbri,

498 3211 733 3270 flumina
762 3213 1056 3271 abundare
1087 3223 1149 3270 ut
1178 3214 1435 3272 facerent
1463 3231 1825 3289 camposque
1856 3222 2072 3284 natare,

496 3303 543 3361 si
571 3321 691 3361 non
721 3304 995 3361 extructis
1025 3304 1171 3361 foret
1200 3305 1311 3361 alte
1342 3305 1594 3363 nubibus
1623 3303 1840 3362 aether.

496 3394 590 3450 hic
621 3394 791 3469 igitur
817 3394 1003 3452 ventis
1032 3405 1207 3468 atque
1239 3396 1466 3469 ignibus
1496 3395 1694 3452 omnia
1722 3394 1895 3469 plena

495 3495 628 3542 sunt
650 3505 665 3557 3
710 3484 846 3542 ideo
875 3486 1087 3560 passim
1119 3486 1374 3543 fremitus
1406 3495 1464 3543 et
1492 3486 1714 3561 fulgura
1744 3485 1909 3543 fiunt.
2213 3504 2304 3549 270

496 3575 713 3651 quippe
744 3576 961 3634 etenim
989 3594 1163 3651 supra
1192 3575 1369 3634 docui
1397 3578 1686 3652 permulta
1711 3576 1942 3651 vaporis
