2784 3992
513 292 635 374 156
1177 305 1640 361 LUCRETIUS
2197 306 2309 379 [V.

503 468 587 527 vis
616 466 846 540 eadem,
876 485 1050 544 supra
1076 484 1228 542 quae
1257 475 1436 523 terras
1464 464 1698 541 pertulit
1723 466 1947 525 orbem.
2215 473 2316 541 655

582 559 878 633 Tempore
907 558 1048 615 item
1076 566 1239 615 certo
1266 574 1496 615 roseam
1527 558 1758 615 Matuta
1784 576 1890 632 per
1917 576 2046 616 oras

504 649 749 707 aetheris
778 667 1043 706 auroram
1074 647 1263 706 differt
1292 656 1350 705 et
1375 647 1598 705 lumina
1623 646 1848 722 pandit,

504 749 604 797 aut
631 740 767 815 quia
795 740 883 797 sol
912 739 1089 811 idem,
1120 741 1227 798 sub
1256 748 1434 797 terras
1463 739 1556 797 ille
1585 748 1896 812 revertenS,

506 831 786 905 anticipat
815 830 1043 887 caelum
1072 830 1245 888 radiis
1273 829 1599 888 accendere
1630 839 1941 905 temptanS,

506 930 605 977 aut
634 921 772 995 quia
800 922 1157 979 conveniunt
1186 921 1348 995 ignes
1378 930 1438 979 et
1466 921 1691 979 semina
1718 922 1900 979 multa
2221 929 2323 980 660

506 1009 800 1067 confluere
832 1009 1053 1068 ardoris
1082 1020 1440 1068 consuerunt
1468 1020 1734 1086 tempore
1764 1021 1946 1084 cert0‚

506 1118 657 1176 quae
687 1102 905 1158 faciunt
934 1100 1069 1159 solis
1095 1118 1251 1159 nova
1278 1118 1511 1176 semper
1537 1101 1755 1160 lumina
1779 1101 1940 1178 gigni
1960 1094 1982 1176 ξ

507 1190 671 1265 quod
701 1209 886 1265 genus
918 1189 1110 1249 Idaeis
1140 1191 1295 1248 fama
1324 1201 1413 1248 est
1443 1209 1476 1249 e
1505 1191 1801 1251 montibus
1829 1192 1957 1251 altis

508 1280 799 1356 dispersos
828 1281 973 1355 ignis
1002 1281 1209 1338 orienti
1235 1281 1455 1339 lumine
1485 1282 1660 1353 cerni,
2195 1333 2209 1339 ,

506 1370 645 1445 inde
675 1372 832 1429 coire
853 1372 1092 1447 globum
1121 1372 1287 1446 quasi
1308 1371 1369 1429 in
1386 1390 1568 1429 unum
1587 1382 1646 1430 et
1662 1372 1956 1433 conficere
1973 1376 2198 1435 orbem.
2220 1382 2318 1446 663

507 1480 620 1521 nec
649 1471 848 1520 tamen
876 1461 1016 1519 illud
1044 1462 1103 1519 in
1133 1462 1221 1519 his
1247 1463 1420 1520 rebus
1450 1462 1706 1521 mirabile
1736 1464 1916 1524 debet

508 1571 655 1624 esse,
684 1551 849 1628 quod
876 1553 1023 1611 haec
1051 1553 1200 1627 ignis
1227 1563 1347 1611 tam
1377 1563 1539 1611 certo
1567 1563 1830 1629 tempore
1859 1565 2107 1632 possunt

509 1644 735 1701 semina
762 1643 1055 1701 confluere
1086 1653 1145 1701 et
1172 1644 1309 1701 solis
1338 1662 1605 1719 reparare
1635 1645 1902 1706 nitorem.

509 1735 691 1791 multa
717 1734 983 1792 videmus
1010 1735 1189 1806 enim,
1218 1745 1379 1792 certo
1410 1753 1561 1809 quae
1589 1744 1853 1811 tempore
1881 1738 2029 1796 fiunt

509 1825 779 1883 omnibus
808 1826 869 1882 in
895 1825 1084 1882 rebuS.
1116 1824 1430 1883 florescunt
1458 1835 1722 1900 tempore
1751 1837 1915 1887 certo
2223 1836 2324 1896 670

510 1915 743 1973 arbusta
772 1925 831 1973 et
858 1925 1020 1974 certo
1050 1915 1350 1974 dimittunt
1380 1926 1647 1991 tempore
1678 1917 1899 1977 florem.

511 2023 624 2063 nec
651 2005 841 2063 minus
870 2006 929 2063 in
960 2016 1122 2065 certo
1150 2007 1359 2065 dentes
1387 2005 1600 2065 cadere
1630 2008 1877 2084 imperat
1904 2017 2065 2067 aetas

512 2105 775 2171 tempore
804 2106 864 2154 et
892 2097 1171 2171 inpubem
1201 2098 1363 2156 molli
1391 2098 1714 2173 pubescere
1741 2109 1903 2158 veste

513 2195 571 2244 et
598 2188 811 2261 pariter
838 2188 1073 2245 mollem
1104 2188 1267 2245 malis
1297 2188 1606 2247 demittere
1636 2190 1896 2249 barbam.

513 2278 752 2336 fulmina
779 2288 1077 2353 postremo
1106 2279 1207 2335 nix
1234 2278 1449 2337 imbres
1476 2281 1676 2338 nubila
1701 2280 1864 2338 venti
2223 2286 2323 2351 675

514 2386 636 2426 non
661 2367 833 2425 nimis
861 2369 1094 2426 incertis
1121 2369 1269 2426 fiunt
1296 2370 1357 2426 in
1386 2371 1643 2445 partibus
1671 2370 1826 2428 anni.

514 2477 768 2534 namque
797 2458 895 2517 ubi
925 2458 1008 2515 sic
1038 2459 1267 2516 fuerunt
1295 2479 1600 2518 causarum
1629 2459 1872 2518 exordia
1897 2460 2086 2536 prima

514 2560 688 2623 atque
718 2550 797 2607 ita
822 2540 913 2607 res
941 2548 1148 2607 mundi
1177 2550 1446 2609 cecidere
1481 2553 1557 2610 ab
1587 2552 1807 2627 origine
1835 2552 2040 2627 prima,

513 2644 811 2714 conseque
842 2658 1080 2716 quoque
1109 2640 1225 2697 iam
1252 2642 1504 2699 redeunt
1533 2660 1607 2700 ex
1635 2641 1839 2700 ordine
1869 2651 2048 2701 certo.

595 2730 870 2789 Crescere
900 2731 1158 2805 itemque
1186 2730 1310 2790 dies
1340 2734 1476 2790 licet
1505 2742 1566 2790 et
1592 2734 1890 2791 tabescere
1919 2741 2144 2805 nocteS,
2225 2738 2328 2791 680

515 2830 573 2879 et
603 2820 787 2878 minui
814 2821 991 2893 luces,
1022 2840 1158 2879 cum
1190 2833 1421 2881 sumant
1449 2824 1724 2899 augmina
1750 2833 1975 2895 noctes,

515 2921 614 2969 aut
641 2911 777 2986 quia
804 2912 891 2969 sol
919 2910 1079 2970 idem
1107 2915 1214 2971 sub
1243 2923 1419 2972 terras
1448 2924 1624 2989 atque
1653 2932 1903 2990 superne

515 3007 825 3081 imparibus
855 3025 1091 3066 currens
1118 3009 1489 3067 amfractibus
1518 3009 1765 3068 aetheris
1794 3027 1923 3067 oras

515 3096 688 3171 partit
716 3106 773 3154 et
800 3097 859 3154 in
888 3099 1065 3172 partis
1095 3117 1219 3157 non
1247 3118 1464 3174 aequas
1492 3099 1698 3158 dividit
1724 3100 1946 3171 orbem,

516 3195 575 3243 et
604 3186 765 3260 quod
792 3189 866 3246 ab
894 3189 1168 3247 alterutra
1196 3189 1444 3248 detraxit
1470 3201 1652 3267 parte,
1682 3191 1916 3267 reponit
2011 3250 2020 3255 ,
2227 3194 2324 3260 685

518 3277 640 3334 eius
668 3277 730 3333 in
757 3278 998 3337 adversa
1028 3289 1192 3338 tanto
1222 3281 1352 3355 plus
1380 3292 1544 3357 parte
1572 3283 1801 3354 relatuS,

518 3367 710 3426 donec
738 3367 815 3426 ad
842 3368 903 3427 id
933 3370 1163 3443 signum
1194 3372 1338 3429 caeli
1367 3374 1648 3447 pervenit,
1679 3374 1779 3432 ubi
1807 3372 1944 3431 anni

516 3457 709 3517 nodus
738 3469 1053 3519 nocturnas
1082 3472 1371 3538 exaequat
1397 3463 1621 3522 lucibus
1651 3464 1899 3522 umbras·

514 3568 674 3625 nam,
702 3550 903 3609 medio
933 3571 1103 3611 cursu
1132 3553 1297 3611 flatus
1325 3554 1611 3627 aquilonis
1640 3563 1699 3611 et
1725 3552 1917 3625 austri,
