2784 3992
371 333 491 394 144
1026 329 1493 389 LUCRETIUS
2066 329 2170 401 [v.

358 489 460 565 qui
488 508 591 548 sua
621 498 894 561 tutentur,
925 489 1166 565 quando
1197 490 1468 548 omnib‘us
1497 490 1697 547 omnia
1724 490 1875 566 large

357 580 526 638 tellus
555 581 682 654 ipsa
709 581 857 655 parit
884 590 1207 655 naturaque
1236 579 1486 638 daedala
1513 577 1754 658 rerum.]

440 671 735 745 Principio
764 671 1043 745 quoniam
1071 672 1241 729 terrai
1268 690 1483 746 corpus
1512 681 1571 729 et
1597 689 1769 729 umor
2081 689 2173 742 235

356 779 744 836 aurarumque
772 760 929 819 leves
960 762 1189 819 animae
1221 760 1511 835 calidique
1539 779 1804 835 vapore5‚

356 872 390 912 e
420 855 632 929 quibus
662 855 808 912 haec
836 872 1026 913 rerum
1057 855 1373 911 consistere
1403 872 1634 912 summa
1658 853 1904 926 videtur,

354 946 555 1004 omnia
582 945 780 1003 nativo
807 963 878 1002 ac
908 944 1136 1003 mortali
1164 962 1411 1019 corpore
1439 954 1731 1015 constant,

356 1035 535 1094 debet
564 1035 782 1093 eodem
811 1036 1001 1093 omnis
1030 1034 1235 1093 mundi
1265 1045 1476 1093 natura.
1497 1035 1703 1110 putari.

356 1126 575 1201 quippe
604 1126 823 1184 etenim
854 1142 1102 1200 quorum
1132 1126 1308 1200 partis
1337 1134 1398 1182 et
1426 1126 1689 1183 membra
1715 1124 1983 1183 videmus
2081 1142 2178 1193 240

356 1234 604 1291 corpore
634 1217 828 1274 nativo
856 1235 925 1273 ac
956 1216 1293 1274 mortalibus
1324 1233 1453 1274 esse
1482 1216 1695 1291 figuriS,

356 1307 508 1364 haec
537 1300 762 1364 eadem‘
780 1307 960 1364 ferme
990 1306 1255 1364 mortalia
1283 1307 1576 1365 cernimus
1604 1324 1732 1365 esse

356 1407 417 1456 et
442 1398 637 1455 nativa
666 1397 853 1455 simul.
885 1407 1240 1472 quapropter
1266 1398 1520 1455 maxima
1547 1396 1754 1455 mundi

356 1507 494 1546 cum
522 1487 755 1546 videam
784 1488 1048 1546 membra
1075 1505 1145 1545 ac
1173 1488 1349 1562 partis
1378 1498 1732 1563 consumpta
1757 1487 1995 1565 regigni,

356 1580 503 1637 scire
533 1579 668 1636 licet
696 1578 844 1636 caeli
871 1595 1109 1653 quoque
1140 1579 1280 1635 item
1309 1588 1612 1653 terraeque
1643 1579 1819 1638 fuisse
2081 1596 2171 1651 245

355 1669 696 1771 principiale
724 1667 964 1743 aliquod
995 1675 1227 1744 tempus
1264 1668 1615 1744 clademque
1644 1671 1912 1729 futuram.

438 1758 634 1818 Illud
620 1778 679 1817 1n
709 1759 798 1817 his
826 1759 1000 1817 rebus
1027 1777 1103 1817 ne
1133 1759 1482 1834 corripuisse
1510 1760 1687 1819 rearis

358 1868 454 1907 me
483 1848 643 1920 mihi,
675 1849 839 1924 quod
866 1858 1076 1907 terram
1105 1859 1281 1924 atque
1311 1849 1507 1924 ignem
1537 1850 1801 1908 mortalia
1826 1850 2046 1927 sumpsi

357 1958 483 1999 esse
514 1958 710 2015 neque
739 1958 1009 1998 umorem
1038 1938 1297 1998 dubitavi
1326 1958 1611 2015 aurasque
1639 1940 1827 2016 perire

356 2041 533 2106 atque
561 2030 772 2089 eadem
801 2031 959 2106 gigni
986 2048 1297 2105 rursusque
1326 2049 1641 2106 augescere
1670 2030 1810 2104 dixi,
2083 2049 2180 2103 250

356 2122 643 2197 principio
671 2140 804 2197 pars
831 2122 999 2179 terrai
1026 2121 1324 2194 nonnulla,
1354 2131 1589 2196 perusta

357 2212 572 2271 solibus
599 2211 877 2282 adsiduiS‚
907 2212 1088 2269 multa
1117 2212 1342 2287 pulsata
1367 2211 1590 2287 pedum
1619 2213 1694 2286 vi,

356 2302 605 2379 pulveris
633 2302 863 2361 exhalat
890 2303 1165 2361 nebulam
1192 2304 1500 2378 nubesque
1528 2303 1776 2363 volantis

358 2412 501 2468 quas
529 2392 700 2450 validi
730 2401 855 2451 toto
884 2391 1227 2469 dispergunt
1252 2398 1386 2453 aere
1415 2394 1594 2453 venti.

320 2552 341 2563 ..
359 2503 491 2560 pars
520 2484 695 2541 etiam
725 2483 1022 2559 glebarum
1052 2484 1129 2542 ad
1159 2484 1437 2543 diluviem
1465 2494 1776 2544 revocatur
2086 2504 2177 2559 255

361 2575 640 2634 imbribus
672 2582 731 2632 et
758 2574 912 2650 ripas
940 2573 1203 2633 radentia
1230 2574 1469 2634 flumina
1497 2575 1730 2634 rodunt.

360 2676 661 2741 praeterea
688 2684 796 2741 pro
816 2675 989 2740 -parte
1019 2684 1141 2738 sua,
1171 2666 1591 2742 quodcumque
1620 2665 1738 2725 alid
1764 2676 1956 2743 auget,

359 2756 622 2814 redditur
642 2778 659 2828 3
704 2767 762 2815 et
791 2756 1071 2831 quoniam
1101 2754 1284 2815 dubio
1312 2757 1520 2832 procul
1549 2775 1677 2815 esse
1703 2756 1934 2816 videtur

362 2847 730 2921 omniparens
760 2847 970 2905 eadem
997 2866 1192 2905 rerum
1219 2865 1538 2906 commune
1567 2849 1919 2922 sepulcrum,

362 2955 501 3011 ergo
531 2946 681 2993 terra
706 2937 805 2994 tibi
836 2937 1048 2995 libatur
1074 2948 1134 2995 et
1162 2947 1335 2996 aucta
1360 2938 1649 2998 recrescit.
2085 2946 2181 2996 260

442 3025 624 3099 Quod
651 3037 933 3102 superest,
963 3045 1171 3086 umore
1199 3047 1356 3087 novo
1386 3046 1544 3086 mare
1574 3027 1813 3087 flumina
1838 3030 2030 3088 fontes

362 3134 594 3191 semper
620 3116 920 3175 abundare
950 3128 1010 3176 et
1036 3118 1237 3177 latices
1264 3137 1503 3177 manare
1531 3120 1805 3195 perennis

362 3208 440 3265 nil
472 3225 620 3282 opus
649 3218 736 3265 est
763 3208 990 3267 verbis:
1037 3228 1283 3284 magnus
1310 3209 1593 3268 decursus
1620 3229 1903 3285 aquarum

364 3298 623 3372 undique
653 3297 923 3356 declarat.
955 3298 1061 3356 sed
1089 3300 1342 3374 primum
1372 3300 1657 3376 quicquid
1685 3302 1858 3375 aquai

364 3389 579 3447 tollitur
606 3389 664 3446 in
694 3407 1037 3464 summaque
1067 3390 1131 3446 fit
1161 3400 1223 3448 ut
1251 3391 1328 3448 nil
1360 3410 1530 3450 umor
1557 3392 1839 3464 abundet,
2088 3401 2178 3467 265

364 3479 572 3553 partim
602 3479 765 3553 quod
788 3479 965 3538 validi
992 3490 1285 3539 verrentes
1314 3500 1569 3557 aequora
1596 3484 1752 3541 venti

366 3568 698 3630 diminuunt
726 3570 1017 3647 radiisque
1048 3580 1315 3630 retexens
1344 3574 1636 3633 aetherius
1663 3574 1769 3648 sol,
