<?xml version="1.0" encoding="UTF-8"?>
<!DOCTYPE html PUBLIC "-//W3C//DTD XHTML 1.0 Transitional//EN"
    "http://www.w3.org/TR/xhtml1/DTD/xhtml1-transitional.dtd">
<html xmlns="http://www.w3.org/1999/xhtml" xml:lang="en" lang="en">
 <head>
  <title>
</title>
<meta http-equiv="Content-Type" content="text/html;charset=utf-8" />
  <meta name='ocr-system' content='tesseract 3.04.00' />
  <meta name='ocr-capabilities' content='ocr_page ocr_carea ocr_par ocr_line ocrx_word'/>
</head>
<body>
  <div class='ocr_page' id='page_1' title='image "./tlucreticarider06unkngoog_0130.png"; bbox 0 0 2784 3992; ppageno 0'>
   <div class='ocr_carea' id='block_1_1' title="bbox 968 820 1731 884">
    <p class='ocr_par' dir='ltr' id='par_1_1' title="bbox 968 820 1731 884">
     <span class='ocr_line' id='line_1_1' title="bbox 968 820 1731 884; baseline 0 -3"><span class='ocrx_word' id='word_1_1' title='bbox 968 820 1039 881; x_wconf 84' lang='grc' dir='ltr'>Τ.</span> <span class='ocrx_word' id='word_1_2' title='bbox 1084 822 1465 883; x_wconf 79' lang='lat' dir='ltr'>LUCRETI</span> <span class='ocrx_word' id='word_1_3' title='bbox 1521 822 1731 884; x_wconf 78' lang='lat' dir='ltr'>CARI</span> 
     </span>
    </p>
   </div>
   <div class='ocr_carea' id='block_1_2' title="bbox 741 1024 1966 1101">
    <p class='ocr_par' dir='ltr' id='par_1_2' title="bbox 741 1024 1966 1101">
     <span class='ocr_line' id='line_1_2' title="bbox 741 1024 1966 1101; baseline 0.001 -2"><span class='ocrx_word' id='word_1_4' title='bbox 741 1024 896 1099; x_wconf 87' lang='lat' dir='ltr'>DE</span> <span class='ocrx_word' id='word_1_5' title='bbox 980 1024 1394 1099; x_wconf 85' lang='lat' dir='ltr'>RERUM</span> <span class='ocrx_word' id='word_1_6' title='bbox 1474 1024 1966 1101; x_wconf 86' lang='lat' dir='ltr'><strong>NATURA</strong></span> 
     </span>
    </p>
   </div>
   <div class='ocr_carea' id='block_1_3' title="bbox 1023 1239 1691 1293">
    <p class='ocr_par' dir='ltr' id='par_1_3' title="bbox 1023 1239 1691 1293">
     <span class='ocr_line' id='line_1_3' title="bbox 1023 1239 1691 1293; baseline -0.006 0"><span class='ocrx_word' id='word_1_7' title='bbox 1023 1239 1265 1293; x_wconf 87' lang='lat' dir='ltr'>LIBER</span> <span class='ocrx_word' id='word_1_8' title='bbox 1316 1240 1691 1293; x_wconf 90' lang='lat' dir='ltr'><strong>TERTIUS.</strong></span> 
     </span>
    </p>
   </div>
   <div class='ocr_carea' id='block_1_4' title="bbox 1269 1406 1471 1439">
    <p class='ocr_par' dir='ltr' id='par_1_4' title="bbox 1269 1406 1471 1439">
     <span class='ocr_line' id='line_1_4' title="bbox 1269 1406 1471 1439; baseline 0 -12"><span class='ocrx_word' id='word_1_9' title='bbox 1269 1406 1471 1439; x_wconf 55' lang='lat'><em>——0—</em></span> 
     </span>
    </p>
   </div>
   <div class='ocr_carea' id='block_1_5' title="bbox 451 1538 2260 3243">
    <p class='ocr_par' dir='ltr' id='par_1_5' title="bbox 453 1538 1910 1598">
     <span class='ocr_line' id='line_1_5' title="bbox 453 1538 1910 1598; baseline 0.001 -1"><span class='ocrx_word' id='word_1_10' title='bbox 453 1540 504 1597; x_wconf 90' lang='lat' dir='ltr'>E</span> <span class='ocrx_word' id='word_1_11' title='bbox 532 1538 785 1598; x_wconf 91' lang='lat' dir='ltr'>tenebris</span> <span class='ocrx_word' id='word_1_12' title='bbox 813 1538 986 1597; x_wconf 88' lang='lat' dir='ltr'>tantis</span> <span class='ocrx_word' id='word_1_13' title='bbox 1013 1549 1135 1596; x_wconf 91' lang='lat' dir='ltr'>tam</span> <span class='ocrx_word' id='word_1_14' title='bbox 1165 1538 1381 1596; x_wconf 83' lang='lat' dir='ltr'>cla&#39;rum</span> <span class='ocrx_word' id='word_1_15' title='bbox 1412 1538 1684 1597; x_wconf 81' lang='lat' dir='ltr'>extollere</span> <span class='ocrx_word' id='word_1_16' title='bbox 1710 1539 1910 1598; x_wconf 90' lang='lat' dir='ltr'>lumen</span> 
     </span>
    </p>

    <p class='ocr_par' dir='ltr' id='par_1_6' title="bbox 452 1629 1941 1705">
     <span class='ocr_line' id='line_1_6' title="bbox 452 1629 1941 1705; baseline 0.001 -18"><span class='ocrx_word' id='word_1_17' title='bbox 452 1631 552 1705; x_wconf 90' lang='lat' dir='ltr'>qui</span> <span class='ocrx_word' id='word_1_18' title='bbox 579 1630 800 1705; x_wconf 90' lang='lat' dir='ltr'>primus</span> <span class='ocrx_word' id='word_1_19' title='bbox 829 1630 1066 1704; x_wconf 89' lang='lat' dir='ltr'>potuisti</span> <span class='ocrx_word' id='word_1_20' title='bbox 1095 1630 1399 1687; x_wconf 86' lang='lat' dir='ltr'><strong>inlustrans</strong></span> <span class='ocrx_word' id='word_1_21' title='bbox 1429 1629 1747 1687; x_wconf 87' lang='lat' dir='ltr'>commoda</span> <span class='ocrx_word' id='word_1_22' title='bbox 1772 1631 1941 1703; x_wconf 89' lang='lat' dir='ltr'>vitae,</span> 
     </span>
    </p>

    <p class='ocr_par' dir='ltr' id='par_1_7' title="bbox 451 1719 2061 1796">
     <span class='ocr_line' id='line_1_7' title="bbox 451 1719 2061 1796; baseline 0.002 -18"><span class='ocrx_word' id='word_1_23' title='bbox 451 1732 508 1778; x_wconf 91' lang='lat' dir='ltr'>te</span> <span class='ocrx_word' id='word_1_24' title='bbox 538 1739 770 1796; x_wconf 91' lang='lat' dir='ltr'>sequor,</span> <span class='ocrx_word' id='word_1_25' title='bbox 801 1738 838 1778; x_wconf 97' lang='lat' dir='ltr'>o</span> <span class='ocrx_word' id='word_1_26' title='bbox 869 1720 1079 1777; x_wconf 84' lang='lat' dir='ltr'>Graiae</span> <span class='ocrx_word' id='word_1_27' title='bbox 1108 1721 1296 1795; x_wconf 90' lang='lat' dir='ltr'>gentis</span> <span class='ocrx_word' id='word_1_28' title='bbox 1325 1719 1525 1791; x_wconf 89' lang='lat' dir='ltr'>decus,</span> <span class='ocrx_word' id='word_1_29' title='bbox 1556 1721 1734 1796; x_wconf 91' lang='lat' dir='ltr'>inque</span> <span class='ocrx_word' id='word_1_30' title='bbox 1764 1722 1875 1779; x_wconf 90' lang='lat' dir='ltr'>tuis</span> <span class='ocrx_word' id='word_1_31' title='bbox 1902 1741 2061 1782; x_wconf 90' lang='lat' dir='ltr'>nunc</span> 
     </span>
    </p>

    <p class='ocr_par' dir='ltr' id='par_1_8' title="bbox 451 1810 1750 1887">
     <span class='ocr_line' id='line_1_8' title="bbox 451 1810 1750 1887; baseline 0.002 -20"><span class='ocrx_word' id='word_1_32' title='bbox 451 1812 587 1869; x_wconf 87' lang='lat' dir='ltr'>ficta</span> <span class='ocrx_word' id='word_1_33' title='bbox 613 1810 836 1886; x_wconf 91' lang='lat' dir='ltr'>pedum</span> <span class='ocrx_word' id='word_1_34' title='bbox 864 1828 1024 1885; x_wconf 90' lang='lat' dir='ltr'>pono</span> <span class='ocrx_word' id='word_1_35' title='bbox 1054 1810 1263 1886; x_wconf 88' lang='lat' dir='ltr'>pressis</span> <span class='ocrx_word' id='word_1_36' title='bbox 1291 1811 1531 1885; x_wconf 89' lang='lat' dir='ltr'>vestigia</span> <span class='ocrx_word' id='word_1_37' title='bbox 1558 1810 1750 1887; x_wconf 83' lang='lat' dir='ltr'>signiS‚</span> 
     </span>
    </p>

    <p class='ocr_par' dir='ltr' id='par_1_9' title="bbox 452 1900 2255 2249">
     <span class='ocr_line' id='line_1_9' title="bbox 452 1900 2255 1979; baseline 0.002 -20"><span class='ocrx_word' id='word_1_38' title='bbox 452 1920 571 1959; x_wconf 89' lang='lat' dir='ltr'>non</span> <span class='ocrx_word' id='word_1_39' title='bbox 601 1903 680 1959; x_wconf 89' lang='lat' dir='ltr'>ita</span> <span class='ocrx_word' id='word_1_40' title='bbox 708 1900 967 1959; x_wconf 88' lang='lat' dir='ltr'>certandi</span> <span class='ocrx_word' id='word_1_41' title='bbox 997 1901 1244 1976; x_wconf 88' lang='lat' dir='ltr'>cupidus</span> <span class='ocrx_word' id='word_1_42' title='bbox 1275 1920 1453 1975; x_wconf 89' lang='lat' dir='ltr'>quam</span> <span class='ocrx_word' id='word_1_43' title='bbox 1482 1911 1721 1976; x_wconf 92' lang='lat' dir='ltr'>propter</span> <span class='ocrx_word' id='word_1_44' title='bbox 1747 1921 2010 1963; x_wconf 89' lang='lat' dir='ltr'>amorem</span> <span class='ocrx_word' id='word_1_45' title='bbox 2228 1927 2255 1979; x_wconf 83' lang='lat'><strong>5</strong></span> 
     </span>
     <span class='ocr_line' id='line_1_10' title="bbox 453 1977 2153 2068; baseline 0.004 -19"><span class='ocrx_word' id='word_1_46' title='bbox 453 1991 616 2068; x_wconf 91' lang='lat' dir='ltr'>quod</span> <span class='ocrx_word' id='word_1_47' title='bbox 645 2002 702 2051; x_wconf 90' lang='lat' dir='ltr'>te</span> <span class='ocrx_word' id='word_1_48' title='bbox 732 1992 938 2049; x_wconf 90' lang='lat' dir='ltr'>imitari</span> <span class='ocrx_word' id='word_1_49' title='bbox 967 2010 1112 2049; x_wconf 90' lang='lat' dir='ltr'>aveo</span> <span class='ocrx_word' id='word_1_50' title='bbox 1134 1977 1165 2064; x_wconf 81' lang='lat'>3¹</span> <span class='ocrx_word' id='word_1_51' title='bbox 1195 1990 1338 2066; x_wconf 91' lang='lat' dir='ltr'>quid</span> <span class='ocrx_word' id='word_1_52' title='bbox 1367 1992 1526 2049; x_wconf 91' lang='lat' dir='ltr'>enim</span> <span class='ocrx_word' id='word_1_53' title='bbox 1554 1993 1874 2052; x_wconf 88' lang='lat' dir='ltr'>contendat</span> <span class='ocrx_word' id='word_1_54' title='bbox 1901 1996 2153 2056; x_wconf 91' lang='lat' dir='ltr'>hirundo</span> 
     </span>
     <span class='ocr_line' id='line_1_11' title="bbox 453 2082 2079 2159; baseline 0.004 -19"><span class='ocrx_word' id='word_1_55' title='bbox 453 2084 668 2159; x_wconf 84' lang='lat' dir='ltr'>cycniS,</span> <span class='ocrx_word' id='word_1_56' title='bbox 699 2093 797 2141; x_wconf 87' lang='lat' dir='ltr'>aut</span> <span class='ocrx_word' id='word_1_57' title='bbox 826 2082 1106 2157; x_wconf 86' lang='lat' dir='ltr'><strong>quidnam</strong></span> <span class='ocrx_word' id='word_1_58' title='bbox 1137 2082 1392 2140; x_wconf 88' lang='lat' dir='ltr'>tremulis</span> <span class='ocrx_word' id='word_1_59' title='bbox 1422 2082 1612 2140; x_wconf 89' lang='lat' dir='ltr'>facere</span> <span class='ocrx_word' id='word_1_60' title='bbox 1641 2084 1877 2157; x_wconf 60' lang='lat' dir='ltr'>Qs</span> <span class='ocrx_word' id='word_1_61' title='bbox 1906 2086 2079 2146; x_wconf 91' lang='lat' dir='ltr'>haedi</span> 
     </span>
     <span class='ocr_line' id='line_1_12' title="bbox 454 2172 1891 2249; baseline 0.003 -17"><span class='ocrx_word' id='word_1_62' title='bbox 454 2172 754 2232; x_wconf 89' lang='lat' dir='ltr'>consimile</span> <span class='ocrx_word' id='word_1_63' title='bbox 783 2174 843 2230; x_wconf 91' lang='lat' dir='ltr'>in</span> <span class='ocrx_word' id='word_1_64' title='bbox 871 2192 1040 2231; x_wconf 88' lang='lat' dir='ltr'>cursu</span> <span class='ocrx_word' id='word_1_65' title='bbox 1071 2174 1294 2247; x_wconf 75' lang='lat' dir='ltr'>possint</span> <span class='ocrx_word' id='word_1_66' title='bbox 1323 2182 1381 2230; x_wconf 93' lang='lat' dir='ltr'>et</span> <span class='ocrx_word' id='word_1_67' title='bbox 1410 2173 1571 2232; x_wconf 89' lang='lat' dir='ltr'>fortis</span> <span class='ocrx_word' id='word_1_68' title='bbox 1599 2177 1737 2249; x_wconf 91' lang='lat' dir='ltr'>equi</span> <span class='ocrx_word' id='word_1_69' title='bbox 1763 2178 1847 2235; x_wconf 91' lang='lat' dir='ltr'>vis</span> <span class='ocrx_word' id='word_1_70' title='bbox 1863 2178 1891 2236; x_wconf 69' lang='grc' dir='ltr'>Ρ</span> 
     </span>
    </p>

    <p class='ocr_par' dir='ltr' id='par_1_10' title="bbox 454 2264 1878 2339">
     <span class='ocr_line' id='line_1_13' title="bbox 454 2264 1878 2339; baseline 0.003 -17"><span class='ocrx_word' id='word_1_71' title='bbox 454 2275 534 2336; x_wconf 89' lang='lat' dir='ltr'>tu,</span> <span class='ocrx_word' id='word_1_72' title='bbox 565 2274 745 2339; x_wconf 86' lang='lat' dir='ltr'>pater,</span> <span class='ocrx_word' id='word_1_73' title='bbox 777 2282 838 2322; x_wconf 93' lang='lat' dir='ltr'>es</span> <span class='ocrx_word' id='word_1_74' title='bbox 867 2282 1057 2321; x_wconf 90' lang='lat' dir='ltr'>rerum</span> <span class='ocrx_word' id='word_1_75' title='bbox 1087 2264 1370 2336; x_wconf 90' lang='lat' dir='ltr'>inventor,</span> <span class='ocrx_word' id='word_1_76' title='bbox 1407 2273 1469 2322; x_wconf 91' lang='lat' dir='ltr'>tu</span> <span class='ocrx_word' id='word_1_77' title='bbox 1497 2266 1682 2339; x_wconf 89' lang='lat' dir='ltr'>patria</span> <span class='ocrx_word' id='word_1_78' title='bbox 1710 2268 1878 2326; x_wconf 91' lang='lat' dir='ltr'>nobis</span> 
     </span>
    </p>

    <p class='ocr_par' dir='ltr' id='par_1_11' title="bbox 454 2354 2260 2520">
     <span class='ocr_line' id='line_1_14' title="bbox 454 2354 2260 2433; baseline 0.004 -20"><span class='ocrx_word' id='word_1_79' title='bbox 454 2354 793 2430; x_wconf 85' lang='lat' dir='ltr'>suppeditas</span> <span class='ocrx_word' id='word_1_80' title='bbox 821 2364 1150 2430; x_wconf 86' lang='lat' dir='ltr'>praecepta,</span> <span class='ocrx_word' id='word_1_81' title='bbox 1182 2355 1411 2429; x_wconf 86' lang='lat' dir='ltr'>tuisque</span> <span class='ocrx_word' id='word_1_82' title='bbox 1440 2373 1532 2428; x_wconf 84' lang='lat' dir='ltr'>ex,</span> <span class='ocrx_word' id='word_1_83' title='bbox 1562 2356 1798 2430; x_wconf 89' lang='lat' dir='ltr'>inclute,</span> <span class='ocrx_word' id='word_1_84' title='bbox 1828 2360 2060 2433; x_wconf 85' lang='lat' dir='ltr'>chartis,</span> <span class='ocrx_word' id='word_1_85' title='bbox 2200 2383 2260 2419; x_wconf 84' lang='grc' dir='ltr'>ιο</span> 
     </span>
     <span class='ocr_line' id='line_1_15' title="bbox 455 2446 1775 2520; baseline 0.002 -17"><span class='ocrx_word' id='word_1_86' title='bbox 455 2446 710 2503; x_wconf 89' lang='lat' dir='ltr'>floriferis</span> <span class='ocrx_word' id='word_1_87' title='bbox 739 2454 802 2502; x_wconf 89' lang='lat' dir='ltr'>ut</span> <span class='ocrx_word' id='word_1_88' title='bbox 829 2463 970 2520; x_wconf 90' lang='lat' dir='ltr'>apes</span> <span class='ocrx_word' id='word_1_89' title='bbox 998 2446 1058 2502; x_wconf 92' lang='lat' dir='ltr'>in</span> <span class='ocrx_word' id='word_1_90' title='bbox 1087 2446 1322 2503; x_wconf 89' lang='lat' dir='ltr'>saltibus</span> <span class='ocrx_word' id='word_1_91' title='bbox 1350 2447 1552 2504; x_wconf 88' lang='lat' dir='ltr'>omnia</span> <span class='ocrx_word' id='word_1_92' title='bbox 1577 2447 1775 2520; x_wconf 82' lang='lat' dir='ltr'>libant,</span> 
     </span>
    </p>

    <p class='ocr_par' dir='ltr' id='par_1_12' title="bbox 455 2535 1823 2611">
     <span class='ocr_line' id='line_1_16' title="bbox 455 2535 1823 2611; baseline 0.002 -18"><span class='ocrx_word' id='word_1_93' title='bbox 455 2537 652 2594; x_wconf 89' lang='lat' dir='ltr'>omnia</span> <span class='ocrx_word' id='word_1_94' title='bbox 680 2553 788 2593; x_wconf 90' lang='lat' dir='ltr'>nos</span> <span class='ocrx_word' id='word_1_95' title='bbox 817 2535 1015 2592; x_wconf 89' lang='lat' dir='ltr'>itidem</span> <span class='ocrx_word' id='word_1_96' title='bbox 1049 2535 1419 2610; x_wconf 87' lang='lat' dir='ltr'>depascimur</span> <span class='ocrx_word' id='word_1_97' title='bbox 1446 2555 1623 2595; x_wconf 90' lang='lat' dir='ltr'>aurea</span> <span class='ocrx_word' id='word_1_98' title='bbox 1648 2537 1823 2611; x_wconf 91' lang='lat' dir='ltr'>dicta,</span> 
     </span>
    </p>

    <p class='ocr_par' dir='ltr' id='par_1_13' title="bbox 455 2625 1741 2702">
     <span class='ocr_line' id='line_1_17' title="bbox 455 2625 1741 2702; baseline 0.002 -18"><span class='ocrx_word' id='word_1_99' title='bbox 455 2645 645 2699; x_wconf 88' lang='lat' dir='ltr'>aurea,</span> <span class='ocrx_word' id='word_1_100' title='bbox 675 2635 958 2701; x_wconf 90' lang='lat' dir='ltr'>perpetua</span> <span class='ocrx_word' id='word_1_101' title='bbox 985 2644 1218 2701; x_wconf 90' lang='lat' dir='ltr'>semper</span> <span class='ocrx_word' id='word_1_102' title='bbox 1246 2625 1584 2702; x_wconf 88' lang='lat' dir='ltr'>dignissima</span> <span class='ocrx_word' id='word_1_103' title='bbox 1610 2629 1741 2688; x_wconf 69' lang='lat' dir='ltr'>vita„</span> 
     </span>
    </p>

    <p class='ocr_par' dir='ltr' id='par_1_14' title="bbox 456 2716 1740 2793">
     <span class='ocr_line' id='line_1_18' title="bbox 456 2716 1740 2793; baseline 0.002 -19"><span class='ocrx_word' id='word_1_104' title='bbox 456 2736 591 2775; x_wconf 88' lang='lat' dir='ltr'>nam</span> <span class='ocrx_word' id='word_1_105' title='bbox 621 2716 788 2775; x_wconf 91' lang='lat' dir='ltr'>simul</span> <span class='ocrx_word' id='word_1_106' title='bbox 816 2736 885 2773; x_wconf 87' lang='lat' dir='ltr'>ac</span> <span class='ocrx_word' id='word_1_107' title='bbox 913 2718 1057 2774; x_wconf 88' lang='lat' dir='ltr'>ratio</span> <span class='ocrx_word' id='word_1_108' title='bbox 1087 2727 1187 2775; x_wconf 89' lang='lat' dir='ltr'>tua</span> <span class='ocrx_word' id='word_1_109' title='bbox 1216 2720 1414 2793; x_wconf 90' lang='lat' dir='ltr'>coepit</span> <span class='ocrx_word' id='word_1_110' title='bbox 1440 2720 1740 2777; x_wconf 82' lang='lat' dir='ltr'>vociferari</span> 
     </span>
    </p>

    <p class='ocr_par' dir='ltr' id='par_1_15' title="bbox 456 2806 2258 2973">
     <span class='ocr_line' id='line_1_19' title="bbox 456 2806 2258 2886; baseline 0.003 -21"><span class='ocrx_word' id='word_1_111' title='bbox 456 2817 719 2865; x_wconf 88' lang='lat' dir='ltr'>naturam</span> <span class='ocrx_word' id='word_1_112' title='bbox 747 2826 956 2878; x_wconf 89' lang='lat' dir='ltr'>rerum,</span> <span class='ocrx_word' id='word_1_113' title='bbox 987 2806 1185 2866; x_wconf 88' lang='lat' dir='ltr'>divina</span> <span class='ocrx_word' id='word_1_114' title='bbox 1214 2819 1410 2867; x_wconf 90' lang='lat' dir='ltr'>mente</span> <span class='ocrx_word' id='word_1_115' title='bbox 1442 2820 1659 2885; x_wconf 85' lang='lat' dir='ltr'>coorta,</span> <span class='ocrx_word' id='word_1_116' title='bbox 2202 2832 2258 2886; x_wconf 82' lang='lat'>¹5</span> 
     </span>
     <span class='ocr_line' id='line_1_20' title="bbox 457 2898 1760 2973; baseline 0.003 -18"><span class='ocrx_word' id='word_1_117' title='bbox 457 2898 763 2973; x_wconf 86' lang='lat' dir='ltr'>diffugiunt</span> <span class='ocrx_word' id='word_1_118' title='bbox 791 2898 967 2954; x_wconf 88' lang='lat' dir='ltr'>animi</span> <span class='ocrx_word' id='word_1_119' title='bbox 997 2907 1261 2971; x_wconf 90' lang='lat' dir='ltr'>terrores,</span> <span class='ocrx_word' id='word_1_120' title='bbox 1295 2901 1529 2958; x_wconf 87' lang='lat' dir='ltr'>moenia</span> <span class='ocrx_word' id='word_1_121' title='bbox 1558 2900 1760 2959; x_wconf 92' lang='lat' dir='ltr'>mundi</span> 
     </span>
    </p>

    <p class='ocr_par' dir='ltr' id='par_1_16' title="bbox 458 2987 1828 3067">
     <span class='ocr_line' id='line_1_21' title="bbox 458 2987 1828 3067; baseline 0.005 -23"><span class='ocrx_word' id='word_1_122' title='bbox 458 2987 786 3058; x_wconf 88' lang='lat' dir='ltr'>discedunt,</span> <span class='ocrx_word' id='word_1_123' title='bbox 817 2997 1006 3045; x_wconf 91' lang='lat' dir='ltr'>totum</span> <span class='ocrx_word' id='word_1_124' title='bbox 1034 2989 1208 3047; x_wconf 91' lang='lat' dir='ltr'>video</span> <span class='ocrx_word' id='word_1_125' title='bbox 1237 3008 1341 3065; x_wconf 93' lang='lat' dir='ltr'>per</span> <span class='ocrx_word' id='word_1_126' title='bbox 1370 2991 1541 3049; x_wconf 90' lang='lat' dir='ltr'>inane</span> <span class='ocrx_word' id='word_1_127' title='bbox 1570 2992 1691 3067; x_wconf 88' lang='lat' dir='ltr'>geri</span> <span class='ocrx_word' id='word_1_128' title='bbox 1717 3011 1828 3051; x_wconf 80' lang='lat' dir='ltr'>res,</span> 
     </span>
    </p>

    <p class='ocr_par' dir='ltr' id='par_1_17' title="bbox 458 3078 1756 3158">
     <span class='ocr_line' id='line_1_22' title="bbox 458 3078 1756 3158; baseline 0.005 -23"><span class='ocrx_word' id='word_1_129' title='bbox 458 3087 698 3153; x_wconf 89' lang='lat' dir='ltr'>apparet</span> <span class='ocrx_word' id='word_1_130' title='bbox 726 3078 924 3135; x_wconf 89' lang='lat' dir='ltr'>divum</span> <span class='ocrx_word' id='word_1_131' title='bbox 957 3097 1175 3137; x_wconf 90' lang='lat' dir='ltr'>numen</span> <span class='ocrx_word' id='word_1_132' title='bbox 1205 3079 1494 3156; x_wconf 89' lang='lat' dir='ltr'>sedesque</span> <span class='ocrx_word' id='word_1_133' title='bbox 1525 3083 1756 3158; x_wconf 88' lang='lat' dir='ltr'>quietae</span> 
     </span>
    </p>

    <p class='ocr_par' dir='ltr' id='par_1_18' title="bbox 458 3171 1984 3243">
     <span class='ocr_line' id='line_1_23' title="bbox 458 3171 1984 3243; baseline 0.007 -18"><span class='ocrx_word' id='word_1_134' title='bbox 458 3188 600 3243; x_wconf 87' lang='lat' dir='ltr'>quas</span> <span class='ocrx_word' id='word_1_135' title='bbox 629 3186 822 3243; x_wconf 90' lang='lat' dir='ltr'>neque</span> <span class='ocrx_word' id='word_1_136' title='bbox 852 3171 1198 3228; x_wconf 88' lang='lat' dir='ltr'>concutiunt</span> <span class='ocrx_word' id='word_1_137' title='bbox 1223 3172 1381 3228; x_wconf 90' lang='lat' dir='ltr'>venti</span> <span class='ocrx_word' id='word_1_138' title='bbox 1411 3192 1521 3229; x_wconf 90' lang='lat' dir='ltr'>nec</span> <span class='ocrx_word' id='word_1_139' title='bbox 1550 3174 1747 3232; x_wconf 88' lang='lat' dir='ltr'>nubila</span> <span class='ocrx_word' id='word_1_140' title='bbox 1772 3174 1984 3235; x_wconf 86' lang='lat' dir='ltr'>nimbis</span> 
     </span>
    </p>
   </div>
   <div class='ocr_carea' id='block_1_6' title="bbox 1177 2144 1333 2159">
    <p class='ocr_par' dir='ltr' id='par_1_19' title="bbox 1177 2144 1333 2159">
     <span class='ocr_line' id='line_1_24' title="bbox 1177 2144 1333 2159; baseline 0 1833"><span class='ocrx_word' id='word_1_141' title='bbox 1177 2144 1333 2159; x_wconf 95' lang='lat' dir='ltr'> </span> 
     </span>
    </p>
   </div>
   <div class='ocr_carea' id='block_1_7' title="bbox 457 3261 2262 3610">
    <p class='ocr_par' dir='ltr' id='par_1_20' title="bbox 457 3261 2262 3427">
     <span class='ocr_line' id='line_1_25' title="bbox 457 3261 2262 3339; baseline 0.006 -23"><span class='ocrx_word' id='word_1_142' title='bbox 457 3269 771 3334; x_wconf 87' lang='lat' dir='ltr'>aspergunt</span> <span class='ocrx_word' id='word_1_143' title='bbox 799 3278 991 3335; x_wconf 90' lang='lat' dir='ltr'>neque</span> <span class='ocrx_word' id='word_1_144' title='bbox 1019 3261 1118 3318; x_wconf 86' lang='lat' dir='ltr'>nix</span> <span class='ocrx_word' id='word_1_145' title='bbox 1147 3262 1262 3318; x_wconf 90' lang='lat' dir='ltr'>acri</span> <span class='ocrx_word' id='word_1_146' title='bbox 1292 3273 1567 3321; x_wconf 88' lang='lat' dir='ltr'>concreta</span> <span class='ocrx_word' id='word_1_147' title='bbox 1592 3264 1799 3339; x_wconf 92' lang='lat' dir='ltr'>pruina</span> <span class='ocrx_word' id='word_1_148' title='bbox 1912 3318 1918 3325; x_wconf 85' lang='grc'>,</span> <span class='ocrx_word' id='word_1_149' title='bbox 2200 3288 2262 3325; x_wconf 87' lang='lat'>20</span> 
     </span>
     <span class='ocr_line' id='line_1_26' title="bbox 458 3350 1985 3427; baseline 0.005 -20"><span class='ocrx_word' id='word_1_150' title='bbox 458 3369 606 3409; x_wconf 87' lang='lat' dir='ltr'>cana</span> <span class='ocrx_word' id='word_1_151' title='bbox 633 3350 854 3409; x_wconf 89' lang='lat' dir='ltr'>cadens</span> <span class='ocrx_word' id='word_1_152' title='bbox 882 3351 1056 3409; x_wconf 86' lang='lat' dir='ltr'>violat</span> <span class='ocrx_word' id='word_1_153' title='bbox 1085 3370 1432 3427; x_wconf 90' lang='lat' dir='ltr'>semperque</span> <span class='ocrx_word' id='word_1_154' title='bbox 1462 3354 1755 3414; x_wconf 89' lang='lat' dir='ltr'>innubilus</span> <span class='ocrx_word' id='word_1_155' title='bbox 1783 3356 1985 3415; x_wconf 85' lang='lat' dir='ltr'>aether</span> 
     </span>
    </p>

    <p class='ocr_par' dir='ltr' id='par_1_21' title="bbox 458 3441 1669 3516">
     <span class='ocr_line' id='line_1_27' title="bbox 458 3441 1669 3516; baseline 0.003 -17"><span class='ocrx_word' id='word_1_156' title='bbox 458 3441 678 3516; x_wconf 89' lang='lat' dir='ltr'>integit,</span> <span class='ocrx_word' id='word_1_157' title='bbox 709 3451 770 3499; x_wconf 94' lang='lat' dir='ltr'>et</span> <span class='ocrx_word' id='word_1_158' title='bbox 794 3441 948 3516; x_wconf 88' lang='lat' dir='ltr'>large</span> <span class='ocrx_word' id='word_1_159' title='bbox 978 3441 1188 3500; x_wconf 86' lang='lat' dir='ltr'>diffuso</span> <span class='ocrx_word' id='word_1_160' title='bbox 1216 3443 1435 3501; x_wconf 91' lang='lat' dir='ltr'>lumine</span> <span class='ocrx_word' id='word_1_161' title='bbox 1463 3444 1669 3503; x_wconf 90' lang='lat' dir='ltr'>rident.</span> 
     </span>
    </p>

    <p class='ocr_par' dir='ltr' id='par_1_22' title="bbox 458 3531 1811 3610">
     <span class='ocr_line' id='line_1_28' title="bbox 458 3531 1811 3610; baseline 0.003 -20"><span class='ocrx_word' id='word_1_162' title='bbox 458 3533 656 3590; x_wconf 89' lang='lat' dir='ltr'>omnia</span> <span class='ocrx_word' id='word_1_163' title='bbox 682 3531 1018 3607; x_wconf 87' lang='lat' dir='ltr'>suppeditat</span> <span class='ocrx_word' id='word_1_164' title='bbox 1043 3551 1217 3608; x_wconf 91' lang='lat' dir='ltr'>porro</span> <span class='ocrx_word' id='word_1_165' title='bbox 1247 3543 1450 3592; x_wconf 89' lang='lat' dir='ltr'>natura</span> <span class='ocrx_word' id='word_1_166' title='bbox 1476 3553 1668 3610; x_wconf 90' lang='lat' dir='ltr'>neque</span> <span class='ocrx_word' id='word_1_167' title='bbox 1698 3537 1811 3594; x_wconf 89' lang='lat' dir='ltr'>ulla</span> 
     </span>
    </p>
   </div>
  </div>
 </body>
</html>
