2784 3992
486 282 569 348 74
1146 283 1608 337 LUCRETms
2141 282 2288 356 [111.

483 454 543 503 at
570 452 775 503 contra
801 444 1063 521 lapidum
1093 446 1430 503 conlectum
1457 445 1584 521 ipse
1613 448 1773 504 euru’
1802 464 2042 505 movere

480 554 679 593 noenu
706 546 917 611 potest.
963 537 1131 612 igitur
1157 537 1497 612 parvissima
1523 555 1772 612 corpora
1797 556 2085 613 proquam

482 637 541 684 et
568 626 856 685 levissima
883 638 1033 698 sunt,
1064 628 1144 684 ita
1170 628 1491 685 mobilitate
1520 628 1784 685 fruuntur
1803 649 1822 701 3
2198 649 2292 684 200

481 727 539 774 at
566 726 773 775 contra
800 735 1207 793 quaecumque
1237 718 1422 793 magis
1451 736 1587 775 cum
1615 718 1881 793 pondere
1910 737 2124 793 magno

480 828 801 885 asperaque
831 812 1219 882 inveniuntur,
1251 829 1325 869 eo
1356 811 1606 869 stabilita
1632 812 1816 886 magis
1845 822 1995 870 sunt.

480 920 639 958 nunc
669 902 839 976 igitur
866 903 1145 975 quoniam
1177 911 1265 960 est
1293 902 1474 959 animi
1502 911 1707 959 natura
1734 912 1966 977 reperta

479 992 707 1050 mobilis
738 993 987 1067 egregie,
1020 1010 1301 1068 perquam
1335 1002 1604 1049 constare
1634 1003 1932 1051 necessest

478 1084 817 1159 corporibus
845 1084 1033 1159 parvis
1062 1094 1123 1141 et
1148 1084 1369 1141 levibus
1398 1094 1574 1158 atque
1602 1082 1884 1141 rutundis·
2197 1101 2288 1155 205

478 1192 629 1247 quae
658 1175 762 1232 tibi
790 1175 1025 1249 cognita
1051 1192 1143 1232 res
1171 1174 1233 1231 in
1262 1174 1475 1246 multis,
1507 1192 1544 1231 o
1573 1174 1750 1245 bone,
1780 1174 1954 1233 rebus

475 1266 629 1323 utilis
658 1261 985 1324 invenietur
1014 1274 1073 1323 et
1100 1274 1434 1341 opportuna
1463 1265 1698 1324 cluebit.

477 1356 623 1413 haec
653 1374 891 1431 quoque
920 1374 1011 1415 res
1040 1356 1216 1415 etiam
1243 1365 1513 1415 naturam
1542 1354 1782 1414 dedicat
1807 1355 1949 1429 eiuS‚

476 1464 651 1521 quam
681 1448 844 1505 tenui
872 1459 1103 1506 constet
1134 1457 1359 1506 textura
1387 1465 1685 1522 quamque
1713 1446 1850 1505 loco
1879 1464 1942 1504 se

475 1538 773 1595 contineat
800 1556 999 1613 parm,
1030 1539 1078 1597 si
1105 1539 1289 1614 possit
1317 1538 1760 1613 conglomerati,
2193 1559 2290 1595 210

476 1628 639 1703 quod
668 1629 838 1687 simul
867 1638 1041 1705 atque
1073 1630 1372 1688 hominem
1405 1628 1503 1687 leti
1533 1646 1739 1686 secura
1765 1628 1932 1703 quies
1961 1636 2048 1686 est

473 1718 718 1794 indepta
744 1728 918 1795 atque
948 1721 1127 1777 animi
1157 1731 1361 1778 natura
1389 1720 1740 1793 animaeque
1769 1718 2026 1791 recessit,

472 1809 554 1867 nil
581 1811 660 1868 ibi
687 1810 929 1869 libatum
958 1810 1033 1869 de
1062 1820 1188 1869 toto
1218 1829 1464 1886 corpore
1494 1828 1698 1867 cernas

472 1900 550 1957 ad
578 1902 856 1976 speciem,
886 1902 966 1959 nil
994 1900 1071 1959 ad
1099 1902 1334 1977 pondus
1358 1924 1370 1959 z
1419 1919 1576 1959 mors
1607 1900 1808 1958 omnia
1835 1908 2088 1974 praestat

471 1992 703 2049 vitalem
731 2002 961 2067 praeter
988 2010 1222 2050 sensum
1251 1992 1624 2067 calidumque
1658 2008 1954 2065 vaporssm.
2191 2009 2282 2061 215

472 2100 611 2157 ergo
640 2084 893 2140 animam
922 2093 1106 2141 totam
1134 2084 1428 2159 perparvis
1457 2102 1584 2142 esse
1613 2092 1912 2142 necessest

470 2174 805 2245 seminibus,
835 2192 1047 2231 nexam
1077 2192 1184 2249 per
1209 2193 1387 2232 venas
1415 2175 1637 2233 viscera
1663 2193 1870 2232 nervos
1893 2195 1910 2247 ς

470 2274 774 2337 quatenuS‚
805 2266 996 2323 omnis
1024 2266 1124 2324 ubi
1153 2284 1186 2323 e
1216 2275 1343 2323 toto
1372 2266 1489 2323 iam
1519 2284 1766 2341 corpore
1797 2266 1989 2337 cessit,

470 2355 688 2412 extima
714 2356 1107 2413 membrorum
1139 2356 1602 2414 circumcaesura
1633 2367 1828 2414 tamen
1860 2374 1922 2414 se

471 2446 825 2503 incolumem
853 2452 1106 2521 praestat
1133 2466 1245 2505 nec
1275 2448 1420 2505 defit
1447 2447 1727 2523 ponderis
1754 2447 1954 2527 hilum.
2190 2467 2282 2502 220

470 2536 634 2610 quod
661 2554 845 2611 genus
875 2546 963 2596 est
991 2538 1211 2595 Bacchi
1239 2557 1376 2595 cum
1406 2538 1513 2597 flos
1543 2539 1775 2597 evanuit
1803 2548 1903 2597 aut
1931 2556 2068 2595 cum

470 2627 700 2702 spiritus
729 2630 1009 2703 unguenti
1038 2630 1226 2687 suavis
1255 2629 1481 2705 diffugit
1509 2630 1569 2687 in
1596 2648 1762 2687 auras

472 2727 570 2775 aut
597 2718 791 2793 aliquo
822 2738 955 2775 cum
986 2719 1103 2777 iam
1132 2738 1307 2778 sucus
1335 2720 1412 2778 de
1443 2739 1689 2795 corpore
1721 2720 1932 2792 cessit3

471 2809 550 2865 nil
580 2809 761 2866 oculis
790 2819 989 2867 tamen
1018 2828 1145 2868 esse
1175 2811 1366 2867 minor
1393 2829 1484 2869 res
1513 2812 1640 2887 ipsa
1666 2810 1896 2869 videtur

469 2908 781 2973 propterea
810 2918 1003 2975 neque
1032 2900 1359 2959 detractum
1388 2902 1465 2959 de
1495 2901 1759 2977 pondere
1790 2901 2124 2976 quicquam,
2188 2918 2279 2971 ²25

468 2990 742 3047 nimirum
770 2991 907 3066 quia
934 2992 1116 3049 multa
1144 2993 1485 3068 minutaque
1514 2992 1737 3051 semina
1765 3010 1939 3050 sucos

470 3079 730 3139 efficiunt
757 3091 816 3138 et
844 3081 1090 3139 odorem
1120 3083 1180 3139 in
1208 3094 1334 3142 toto
1364 3102 1612 3159 corpore
1642 3101 1852 3141 rerum.

470 3188 648 3243 quare
677 3171 852 3228 etiam
882 3182 1057 3246 atque
1088 3174 1261 3230 etiam
1291 3175 1502 3232 mentis
1531 3184 1798 3232 naturam
1827 3174 2175 3246 animaeque

470 3263 615 3319 scire
643 3263 782 3322 licet
808 3282 1091 3339 perquam
1121 3267 1385 3341 pauxillis
1416 3285 1543 3326 esse
1575 3277 1833 3325 creatam

470 3354 805 3427 seminibuS,
828 3356 1106 3429 quoniam
1135 3358 1359 3432 fugiens
1390 3359 1471 3415 nil
1499 3358 1778 3433 ponderis
1809 3357 2012 3427 aufert.
2188 3375 2279 3428 230

553 3446 683 3503 Nec
712 3456 908 3504 tamen
936 3447 1083 3504 haec
1113 3448 1358 3523 simplex
1385 3449 1556 3508 nobis
1587 3458 1794 3508 natura
1820 3446 2087 3524 putanda
2113 3457 2219 3506 est.

471 3536 655 3593 tenvis
684 3538 843 3593 enim
871 3537 1162 3612 quaedam
1191 3540 1574 3599 moribundos
1603 3539 1820 3599 deserit
1847 3558 1986 3598 aura
