2784 3992
508 314 588 367 11.
601 312 620 384 J
988 314 1096 365 DE
1150 315 1444 369 RERUM
1498 315 1840 369 NATURA
2227 308 2308 385 65

502 494 841 536 enumerare
870 484 1030 534 aetas
1058 475 1416 533 animantum
1446 494 1566 533 non
1598 487 1775 551 queat
1801 480 2015 551 omniS,

498 569 701 644 visque
724 567 937 626 eadem
966 577 1025 625 et
1052 577 1255 624 natura
1281 576 1479 625 manet
1509 585 1660 642 quae
1691 569 1916 627 semina
1942 588 2136 630 rerum

499 660 772 719 conicere
800 658 861 717 in
888 658 1022 717 loca
1048 675 1317 733 quaeque
1347 667 1526 733 queat
1552 659 1720 716 simili
1747 660 1972 718 ratione

498 760 674 825 atque
703 748 820 807 huc
849 759 986 808 sunt
1010 749 1296 821 coniecta,
1325 767 1570 807 necesse
1599 758 1688 808 est
1714 751 2034 811 confiteare

498 859 626 899 esse
654 840 796 898 alios
825 840 949 898 aliis
977 850 1254 898 terrarum
1284 840 1344 897 in
1372 839 1632 916 partibus
1661 840 1816 899 orbis
2187 862 2309 915 ¹075

498 940 559 990 et
583 932 767 989 varias
793 931 1099 988 hominum
1127 930 1313 1006 gentis
1341 940 1402 988 et
1430 930 1622 991 saecla
1648 931 1916 990 ferarum.

579 1023 722 1079 Huc
749 1020 983 1079 accedit
1010 1030 1074 1077 ut
1102 1021 1160 1077 in
1189 1039 1418 1078 summa
1446 1039 1538 1079 res
1567 1022 1724 1088 nulla
1752 1022 1824 1080 sit
1851 1040 1987 1095 una,

495 1111 672 1170 unica
697 1130 848 1185 quae
876 1112 1143 1187 gignatur
1170 1121 1231 1169 et
1256 1112 1433 1169 unica
1461 1112 1700 1188 solaque
1728 1122 1972 1186 crescat,

496 1203 639 1277 quin
667 1202 941 1276 aliquoiu'
970 1201 1079 1259 siet
1106 1201 1282 1259 saecli
1308 1203 1713 1278 permultaque
1744 1202 1962 1263 eodem

497 1292 611 1351 sint
637 1310 870 1368 genere.
912 1293 973 1349 in
1001 1292 1201 1367 primis
1228 1292 1591 1365 animalibus,
1621 1293 1838 1370 inclute
1869 1295 2138 1367 Memmi,
2185 1303 2311 1353 1080

495 1383 755 1441 invenies
783 1383 867 1440 sic
894 1382 1295 1458 montivagum
1324 1400 1510 1458 genus
1540 1402 1666 1443 esse
1696 1384 1962 1457 ferarum,

496 1474 579 1532 sic
607 1473 915 1531 hominum
943 1473 1201 1548 genitam
1228 1474 1472 1549 prolem,
1503 1474 1587 1532 sic
1621 1474 1878 1549 denique
1907 1486 2098 1535 mutas

496 1564 927 1639 squamigerum
953 1562 1215 1638 pecudes
1245 1574 1304 1621 et
1332 1582 1584 1639 corpora
1611 1575 1830 1623 cuncta
1855 1567 2175 1625 volantum.

496 1663 888 1730 quaepropter
914 1655 1141 1712 caelum
1169 1654 1339 1713 simili
1369 1656 1592 1713 ratione
1622 1654 1983 1715 fatendumst

496 1754 824 1820 terramque
854 1753 914 1802 et
940 1744 1125 1803 solem
1152 1744 1349 1802 lunam
1378 1763 1556 1817 mare,
1587 1756 1784 1804 cetera
1812 1764 1963 1821 quae
1992 1758 2145 1821 sunt,
2181 1756 2305 1820 1085

496 1855 616 1895 non
644 1853 772 1894 esse
800 1835 993 1917 unica,
1026 1833 1134 1893 sed
1162 1854 1414 1894 numero
1445 1837 1627 1911 magis
1657 1837 2001 1896 innumerali
2021 1858 2040 1911 3

496 1924 979 2003 quandoquidem
1008 1927 1159 1984 vitae
1188 1925 1474 2002 depactus
1503 1927 1782 1986 terminus
1810 1928 1924 2002 alte

496 2028 613 2076 tam
641 2008 843 2076 manet
870 2016 1018 2091 haec
1047 2026 1107 2075 et
1133 2026 1254 2075 tam
1281 2017 1478 2075 nativo
1507 2036 1753 2092 corpore
1782 2028 2072 2094 constant,

495 2127 671 2183 quam
688 2126 877 2184 genus
892 2126 1070 2166 omne
1089 2107 1252 2183 quod
1270 2108 1366 2165 hic
1386 2108 1764 2183 generatimst
1785 2110 1958 2167 rebus
1983 2110 2307 2169 abundanS.

574 2199 747 2274 Quae
766 2198 922 2259 b'ene
950 2199 1187 2275 cognita
1214 2199 1261 2256 si
1291 2184 1508 2270 tenea5‚
1539 2207 1742 2256 natura
1768 2198 1999 2259 videtur
2181 2222 2307 2274 1090

494 2292 674 2349 libera
694 2290 981 2367 continuo
1010 2289 1263 2347 dominis
1292 2290 1513 2363 privata
1541 2290 1804 2363 superbis

495 2382 619 2456 ipsa
638 2400 745 2439 sua
772 2398 879 2455 per
904 2398 966 2438 se
996 2390 1206 2455 sponte
1234 2380 1436 2438 omnia
1463 2379 1554 2438 dis
1583 2398 1754 2455 agere
1785 2398 2010 2456 experS.

494 2490 627 2530 nam
657 2489 769 2547 pro
788 2480 999 2528 sancta
1027 2470 1205 2527 deum
1234 2469 1538 2545 tranquilla
1567 2480 1810 2545 pectora
1837 2489 1987 2546 pace

495 2580 645 2638 quae
675 2560 974 2636 placidum
1003 2560 1224 2636 degunt
1252 2579 1461 2619 aevom
1491 2560 1788 2636 vitamque
1818 2580 2103 2634 serenam,

495 2654 623 2728 quis
642 2670 846 2727 regere
867 2650 1137 2709 immensi
1154 2669 1462 2723 summam,
1487 2652 1616 2725 quis
1639 2651 1851 2710 habere
1875 2652 2149 2728 profundi
2181 2672 2303 2725 1095

494 2742 636 2802 indu
664 2736 845 2800 manu
872 2740 1089 2801 validas
1117 2741 1272 2816 potis
1300 2751 1388 2801 est
1416 2740 1792 2801 moderanter
1821 2743 2098 2816 habenas,

497 2835 623 2909 quis
651 2834 869 2908 pariter
894 2832 1087 2891 caelos
1115 2832 1308 2892 omnis
1336 2842 1680 2891 convertere
1709 2842 1769 2891 et
1797 2834 1987 2893 omnis

496 2925 727 3001 ignibus
752 2924 1022 2982 aetheriis
1050 2932 1227 2983 terras
1257 2923 1449 2981 suffire
1479 2923 1702 2995 feraciS,

463 3016 769 3088 „omnibus
797 3014 929 3072 inve
958 3014 1102 3073 locis
1130 3033 1257 3073 esse
1286 3015 1449 3072 omni
1477 3024 1744 3089 tempore
1772 3023 2024 3089 praestO,

496 3106 747 3166 nubibus
775 3116 841 3164 ut
867 3106 1134 3165 tenebras
1161 3106 1335 3164 faciat
1362 3106 1624 3180 caelique
1655 3123 1860 3164 serena
2181 3129 2200 3162 1
2213 3128 2306 3163 100

498 3197 795 3256 concutiat
821 3197 1032 3270 sonitu,
1062 3206 1186 3254 tum
1213 3196 1457 3254 fulmina
1483 3197 1674 3255 mittat
1702 3206 1760 3255 et
1788 3195 1952 3255 aedis

498 3306 672 3363 saepe
702 3306 835 3347 suas
864 3287 1147 3347 disturbet
1175 3296 1235 3345 et
1263 3288 1322 3345 in
1352 3287 1584 3346 deserta
1612 3286 1898 3346 recedens

498 3380 711 3437 saeviat
739 3397 1016 3437 exercens
1046 3378 1224 3436 telum
1255 3377 1419 3453 quod
1447 3396 1623 3453 saepe
1653 3388 1938 3438 nocentes

498 3470 769 3545 praeterit
798 3470 1204 3545 exanimatque
1234 3468 1508 3545 indignos
1537 3469 1714 3544 inque
1743 3479 2033 3527 merentes
2049 3469 2077 3527 Ρ

578 3560 885 3635 Multaque
914 3570 1047 3635 post
1074 3559 1279 3617 mundi
1307 3570 1540 3635 tempus
1567 3560 1818 3634 genitale
1848 3559 2126 3633 diemque
2180 3576 2302 3626 1105

1394 3666 1421 3717 5

2575 3802 2710 3879 „a
2757 3730 2762 3867 ὁ
