<?xml version="1.0" encoding="UTF-8"?>
<!DOCTYPE html PUBLIC "-//W3C//DTD XHTML 1.0 Transitional//EN"
    "http://www.w3.org/TR/xhtml1/DTD/xhtml1-transitional.dtd">
<html xmlns="http://www.w3.org/1999/xhtml" xml:lang="en" lang="en">
 <head>
  <title>
</title>
<meta http-equiv="Content-Type" content="text/html;charset=utf-8" />
  <meta name='ocr-system' content='tesseract 3.04.00' />
  <meta name='ocr-capabilities' content='ocr_page ocr_carea ocr_par ocr_line ocrx_word'/>
</head>
<body>
  <div class='ocr_page' id='page_1' title='image "./tlucreticarider06unkngoog_0155.png"; bbox 0 0 2784 3992; ppageno 0'>
   <div class='ocr_carea' id='block_1_1' title="bbox 528 308 2325 385">
    <p class='ocr_par' dir='ltr' id='par_1_1' title="bbox 528 308 2325 385">
     <span class='ocr_line' id='line_1_1' title="bbox 528 308 2325 385; baseline 0 -20"><span class='ocrx_word' id='word_1_1' title='bbox 528 308 667 385; x_wconf 87' lang='lat'>111.]</span> <span class='ocrx_word' id='word_1_2' title='bbox 1002 313 1112 365; x_wconf 91' lang='lat' dir='ltr'><strong>DE</strong></span> <span class='ocrx_word' id='word_1_3' title='bbox 1166 313 1458 367; x_wconf 89' lang='lat' dir='ltr'>RERUM</span> <span class='ocrx_word' id='word_1_4' title='bbox 1506 312 1853 366; x_wconf 91' lang='lat' dir='ltr'>NATURA</span> <span class='ocrx_word' id='word_1_5' title='bbox 2243 316 2325 380; x_wconf 90' lang='lat'><strong>93</strong></span> 
     </span>
    </p>
   </div>
   <div class='ocr_carea' id='block_1_2' title="bbox 518 473 2332 3632">
    <p class='ocr_par' dir='ltr' id='par_1_2' title="bbox 522 473 2054 550">
     <span class='ocr_line' id='line_1_2' title="bbox 522 473 2054 550; baseline 0.001 -19"><span class='ocrx_word' id='word_1_6' title='bbox 522 473 682 532; x_wconf 90' lang='lat' dir='ltr'><strong>vivus</strong></span> <span class='ocrx_word' id='word_1_7' title='bbox 710 473 869 533; x_wconf 86' lang='lat' dir='ltr'><strong>enim</strong></span> <span class='ocrx_word' id='word_1_8' title='bbox 896 473 1005 533; x_wconf 88' lang='lat' dir='ltr'>sibi</span> <span class='ocrx_word' id='word_1_9' title='bbox 1033 493 1170 532; x_wconf 89' lang='lat' dir='ltr'><strong>cum</strong></span> <span class='ocrx_word' id='word_1_10' title='bbox 1198 474 1477 550; x_wconf 90' lang='lat' dir='ltr'><strong>proponit</strong></span> <span class='ocrx_word' id='word_1_11' title='bbox 1505 475 1752 550; x_wconf 90' lang='lat' dir='ltr'><strong>quisque</strong></span> <span class='ocrx_word' id='word_1_12' title='bbox 1781 475 2054 549; x_wconf 88' lang='lat' dir='ltr'><strong>futurum,</strong></span> 
     </span>
    </p>

    <p class='ocr_par' dir='ltr' id='par_1_3' title="bbox 522 564 2332 734">
     <span class='ocr_line' id='line_1_3' title="bbox 522 564 2332 641; baseline 0.001 -19"><span class='ocrx_word' id='word_1_13' title='bbox 522 581 731 639; x_wconf 90' lang='lat' dir='ltr'><strong>corpus</strong></span> <span class='ocrx_word' id='word_1_14' title='bbox 758 564 843 622; x_wconf 90' lang='lat' dir='ltr'><strong>uti</strong></span> <span class='ocrx_word' id='word_1_15' title='bbox 870 565 1131 623; x_wconf 88' lang='lat' dir='ltr'><strong>volucres</strong></span> <span class='ocrx_word' id='word_1_16' title='bbox 1160 566 1416 624; x_wconf 87' lang='lat' dir='ltr'><strong>lacerent</strong></span> <span class='ocrx_word' id='word_1_17' title='bbox 1443 566 1505 623; x_wconf 90' lang='lat' dir='ltr'><strong>in</strong></span> <span class='ocrx_word' id='word_1_18' title='bbox 1532 576 1718 625; x_wconf 87' lang='lat' dir='ltr'><strong>morte</strong></span> <span class='ocrx_word' id='word_1_19' title='bbox 1749 567 2039 641; x_wconf 87' lang='lat' dir='ltr'><strong>feraeque,</strong></span> <span class='ocrx_word' id='word_1_20' title='bbox 2235 573 2332 624; x_wconf 91' lang='lat'><strong>880</strong></span> 
     </span>
     <span class='ocr_line' id='line_1_4' title="bbox 522 656 1986 734; baseline 0.002 -20"><span class='ocrx_word' id='word_1_21' title='bbox 522 657 644 731; x_wconf 91' lang='lat' dir='ltr'><strong>ipse</strong></span> <span class='ocrx_word' id='word_1_22' title='bbox 674 656 762 714; x_wconf 91' lang='lat' dir='ltr'><strong>sui</strong></span> <span class='ocrx_word' id='word_1_23' title='bbox 791 658 1025 715; x_wconf 75' lang='lat' dir='ltr'><strong>miseret</strong></span> <span class='ocrx_word' id='word_1_24' title='bbox 1046 678 1064 730; x_wconf 79' lang='lat'>3</span> <span class='ocrx_word' id='word_1_25' title='bbox 1108 676 1300 734; x_wconf 91' lang='lat' dir='ltr'><strong>neque</strong></span> <span class='ocrx_word' id='word_1_26' title='bbox 1330 659 1490 716; x_wconf 90' lang='lat' dir='ltr'><strong>enim</strong></span> <span class='ocrx_word' id='word_1_27' title='bbox 1519 676 1581 717; x_wconf 93' lang='lat' dir='ltr'><strong>se</strong></span> <span class='ocrx_word' id='word_1_28' title='bbox 1611 658 1818 717; x_wconf 92' lang='lat' dir='ltr'><strong>dividit</strong></span> <span class='ocrx_word' id='word_1_29' title='bbox 1845 659 1986 717; x_wconf 91' lang='lat' dir='ltr'><strong>illim</strong></span> 
     </span>
    </p>

    <p class='ocr_par' dir='ltr' id='par_1_4' title="bbox 522 748 1995 824">
     <span class='ocr_line' id='line_1_5' title="bbox 522 748 1995 824; baseline 0.003 -21"><span class='ocrx_word' id='word_1_30' title='bbox 522 765 632 804; x_wconf 90' lang='lat' dir='ltr'><strong>nec</strong></span> <span class='ocrx_word' id='word_1_31' title='bbox 660 758 921 805; x_wconf 87' lang='lat' dir='ltr'><strong>removet</strong></span> <span class='ocrx_word' id='word_1_32' title='bbox 950 748 1084 806; x_wconf 87' lang='lat' dir='ltr'><strong>satis</strong></span> <span class='ocrx_word' id='word_1_33' title='bbox 1112 767 1149 806; x_wconf 92' lang='lat' dir='ltr'><strong>a</strong></span> <span class='ocrx_word' id='word_1_34' title='bbox 1176 749 1440 823; x_wconf 89' lang='lat' dir='ltr'><strong>proiecto</strong></span> <span class='ocrx_word' id='word_1_35' title='bbox 1471 767 1718 824; x_wconf 90' lang='lat' dir='ltr'><strong>corpore</strong></span> <span class='ocrx_word' id='word_1_36' title='bbox 1747 759 1808 807; x_wconf 92' lang='lat' dir='ltr'><strong>et</strong></span> <span class='ocrx_word' id='word_1_37' title='bbox 1835 749 1995 807; x_wconf 89' lang='lat' dir='ltr'><strong>illum</strong></span> 
     </span>
    </p>

    <p class='ocr_par' dir='ltr' id='par_1_5' title="bbox 523 838 1868 912">
     <span class='ocr_line' id='line_1_6' title="bbox 523 838 1868 912; baseline 0.003 -17"><span class='ocrx_word' id='word_1_38' title='bbox 523 856 583 895; x_wconf 90' lang='lat' dir='ltr'><strong>se</strong></span> <span class='ocrx_word' id='word_1_39' title='bbox 612 838 777 912; x_wconf 89' lang='lat' dir='ltr'><strong>fingit</strong></span> <span class='ocrx_word' id='word_1_40' title='bbox 806 856 1097 912; x_wconf 90' lang='lat' dir='ltr'><strong>sensuque</strong></span> <span class='ocrx_word' id='word_1_41' title='bbox 1128 856 1240 897; x_wconf 85' lang='lat' dir='ltr'><strong>suo</strong></span> <span class='ocrx_word' id='word_1_42' title='bbox 1265 839 1628 897; x_wconf 88' lang='lat' dir='ltr'><strong>contaminat</strong></span> <span class='ocrx_word' id='word_1_43' title='bbox 1656 848 1868 899; x_wconf 77' lang='lat' dir='ltr'><strong>astans·</strong></span> 
     </span>
    </p>

    <p class='ocr_par' dir='ltr' id='par_1_6' title="bbox 523 927 1889 1003">
     <span class='ocr_line' id='line_1_7' title="bbox 523 927 1889 1003; baseline 0.001 -18"><span class='ocrx_word' id='word_1_44' title='bbox 523 927 658 985; x_wconf 91' lang='lat' dir='ltr'><strong>hinc</strong></span> <span class='ocrx_word' id='word_1_45' title='bbox 686 927 1017 1003; x_wconf 84' lang='lat' dir='ltr'><strong>indignatur</strong></span> <span class='ocrx_word' id='word_1_46' title='bbox 1044 947 1106 986; x_wconf 92' lang='lat' dir='ltr'><strong>se</strong></span> <span class='ocrx_word' id='word_1_47' title='bbox 1137 929 1442 987; x_wconf 83' lang='lat' dir='ltr'><strong>mortalem</strong></span> <span class='ocrx_word' id='word_1_48' title='bbox 1471 947 1598 989; x_wconf 90' lang='lat' dir='ltr'><strong>esse</strong></span> <span class='ocrx_word' id='word_1_49' title='bbox 1628 940 1889 988; x_wconf 89' lang='lat' dir='ltr'><strong>creatum</strong></span> 
     </span>
    </p>

    <p class='ocr_par' dir='ltr' id='par_1_7' title="bbox 520 1018 2328 1186">
     <span class='ocr_line' id='line_1_8' title="bbox 520 1018 2328 1090; baseline 0.001 -15"><span class='ocrx_word' id='word_1_50' title='bbox 520 1036 632 1075; x_wconf 91' lang='lat' dir='ltr'><strong>nec</strong></span> <span class='ocrx_word' id='word_1_51' title='bbox 657 1018 819 1075; x_wconf 88' lang='lat' dir='ltr'><strong>videt</strong></span> <span class='ocrx_word' id='word_1_52' title='bbox 846 1019 905 1077; x_wconf 91' lang='lat' dir='ltr'><strong>in</strong></span> <span class='ocrx_word' id='word_1_53' title='bbox 933 1038 1069 1076; x_wconf 91' lang='lat' dir='ltr'><strong>vera</strong></span> <span class='ocrx_word' id='word_1_54' title='bbox 1095 1020 1317 1077; x_wconf 89' lang='lat' dir='ltr'><strong>nullum</strong></span> <span class='ocrx_word' id='word_1_55' title='bbox 1346 1020 1470 1078; x_wconf 88' lang='lat' dir='ltr'><strong>fore</strong></span> <span class='ocrx_word' id='word_1_56' title='bbox 1499 1030 1686 1078; x_wconf 88' lang='lat' dir='ltr'><strong>morte</strong></span> <span class='ocrx_word' id='word_1_57' title='bbox 1715 1021 1891 1078; x_wconf 89' lang='lat' dir='ltr'><strong>alium</strong></span> <span class='ocrx_word' id='word_1_58' title='bbox 1919 1038 1982 1079; x_wconf 91' lang='lat' dir='ltr'><strong>se</strong></span> <span class='ocrx_word' id='word_1_59' title='bbox 2231 1026 2328 1090; x_wconf 84' lang='lat'><strong>885</strong></span> 
     </span>
     <span class='ocr_line' id='line_1_9' title="bbox 521 1109 1867 1186; baseline 0.002 -21"><span class='ocrx_word' id='word_1_60' title='bbox 521 1109 620 1184; x_wconf 94' lang='lat' dir='ltr'><strong>qui</strong></span> <span class='ocrx_word' id='word_1_61' title='bbox 646 1109 831 1185; x_wconf 90' lang='lat' dir='ltr'><strong>possit</strong></span> <span class='ocrx_word' id='word_1_62' title='bbox 856 1109 1017 1167; x_wconf 83' lang='lat' dir='ltr'><strong>vivus</strong></span> <span class='ocrx_word' id='word_1_63' title='bbox 1045 1110 1153 1169; x_wconf 92' lang='lat' dir='ltr'><strong>sibi</strong></span> <span class='ocrx_word' id='word_1_64' title='bbox 1182 1128 1245 1168; x_wconf 91' lang='lat' dir='ltr'><strong>se</strong></span> <span class='ocrx_word' id='word_1_65' title='bbox 1271 1110 1468 1185; x_wconf 87' lang='lat' dir='ltr'><strong>lugere</strong></span> <span class='ocrx_word' id='word_1_66' title='bbox 1497 1120 1867 1186; x_wconf 90' lang='lat' dir='ltr'><strong>peremptum</strong></span> 
     </span>
    </p>

    <p class='ocr_par' dir='ltr' id='par_1_8' title="bbox 520 1199 1907 1279">
     <span class='ocr_line' id='line_1_10' title="bbox 520 1199 1907 1279; baseline 0.001 -22"><span class='ocrx_word' id='word_1_67' title='bbox 520 1209 793 1275; x_wconf 91' lang='lat' dir='ltr'><strong>stansque</strong></span> <span class='ocrx_word' id='word_1_68' title='bbox 824 1200 1111 1279; x_wconf 73' lang='lat' dir='ltr'><strong>iacentem</strong></span> <span class='ocrx_word' id='word_1_69' title='bbox 1141 1218 1203 1258; x_wconf 92' lang='lat' dir='ltr'><strong>se</strong></span> <span class='ocrx_word' id='word_1_70' title='bbox 1231 1199 1471 1258; x_wconf 89' lang='lat' dir='ltr'><strong>lacerari</strong></span> <span class='ocrx_word' id='word_1_71' title='bbox 1502 1201 1659 1258; x_wconf 91' lang='lat' dir='ltr'><strong>urive</strong></span> <span class='ocrx_word' id='word_1_72' title='bbox 1690 1200 1907 1259; x_wconf 89' lang='lat' dir='ltr'><strong>dolere.</strong></span> 
     </span>
    </p>

    <p class='ocr_par' dir='ltr' id='par_1_9' title="bbox 519 1290 2152 1457">
     <span class='ocr_line' id='line_1_11' title="bbox 519 1290 2152 1365; baseline 0.001 -17"><span class='ocrx_word' id='word_1_73' title='bbox 519 1308 655 1348; x_wconf 86' lang='lat' dir='ltr'><strong>narn</strong></span> <span class='ocrx_word' id='word_1_74' title='bbox 682 1291 732 1348; x_wconf 90' lang='lat' dir='ltr'><strong>si</strong></span> <span class='ocrx_word' id='word_1_75' title='bbox 762 1290 822 1347; x_wconf 90' lang='lat' dir='ltr'><strong>in</strong></span> <span class='ocrx_word' id='word_1_76' title='bbox 849 1301 1035 1348; x_wconf 89' lang='lat' dir='ltr'><strong>morte</strong></span> <span class='ocrx_word' id='word_1_77' title='bbox 1065 1292 1337 1349; x_wconf 86' lang='lat' dir='ltr'><strong>malumst</strong></span> <span class='ocrx_word' id='word_1_78' title='bbox 1365 1292 1528 1350; x_wconf 86' lang='lat' dir='ltr'><strong>malis</strong></span> <span class='ocrx_word' id='word_1_79' title='bbox 1557 1309 1872 1365; x_wconf 89' lang='lat' dir='ltr'><strong>morsuque</strong></span> <span class='ocrx_word' id='word_1_80' title='bbox 1901 1291 2152 1350; x_wconf 89' lang='lat' dir='ltr'><strong>ferarum</strong></span> 
     </span>
     <span class='ocr_line' id='line_1_12' title="bbox 519 1381 1862 1457; baseline 0.001 -19"><span class='ocrx_word' id='word_1_81' title='bbox 519 1381 763 1453; x_wconf 89' lang='lat' dir='ltr'><strong>tractari,</strong></span> <span class='ocrx_word' id='word_1_82' title='bbox 794 1400 917 1439; x_wconf 93' lang='lat' dir='ltr'><strong>non</strong></span> <span class='ocrx_word' id='word_1_83' title='bbox 944 1382 1177 1439; x_wconf 91' lang='lat' dir='ltr'><strong>invenio</strong></span> <span class='ocrx_word' id='word_1_84' title='bbox 1206 1382 1308 1457; x_wconf 92' lang='lat' dir='ltr'><strong>qui</strong></span> <span class='ocrx_word' id='word_1_85' title='bbox 1335 1400 1458 1439; x_wconf 90' lang='lat' dir='ltr'><strong>non</strong></span> <span class='ocrx_word' id='word_1_86' title='bbox 1486 1383 1558 1440; x_wconf 89' lang='lat' dir='ltr'><strong>sit</strong></span> <span class='ocrx_word' id='word_1_87' title='bbox 1585 1382 1862 1440; x_wconf 86' lang='lat' dir='ltr'><strong>acerbum</strong></span> 
     </span>
    </p>

    <p class='ocr_par' dir='ltr' id='par_1_10' title="bbox 518 1471 2329 1642">
     <span class='ocr_line' id='line_1_13' title="bbox 518 1471 2329 1547; baseline 0.001 -19"><span class='ocrx_word' id='word_1_88' title='bbox 518 1471 747 1547; x_wconf 88' lang='lat' dir='ltr'><strong>ignibus</strong></span> <span class='ocrx_word' id='word_1_89' title='bbox 775 1472 1091 1546; x_wconf 90' lang='lat' dir='ltr'><strong>inpositum</strong></span> <span class='ocrx_word' id='word_1_90' title='bbox 1120 1471 1320 1533; x_wconf 83' lang='lat' dir='ltr'><strong>calidis</strong></span> <span class='ocrx_word' id='word_1_91' title='bbox 1350 1481 1666 1530; x_wconf 88' lang='lat' dir='ltr'><strong>torrescere</strong></span> <span class='ocrx_word' id='word_1_92' title='bbox 1695 1471 1945 1530; x_wconf 89' lang='lat' dir='ltr'><strong>flammis</strong></span> <span class='ocrx_word' id='word_1_93' title='bbox 2231 1481 2329 1545; x_wconf 89' lang='lat'><strong>890</strong></span> 
     </span>
     <span class='ocr_line' id='line_1_14' title="bbox 518 1566 1819 1642; baseline 0.002 -20"><span class='ocrx_word' id='word_1_94' title='bbox 518 1575 617 1623; x_wconf 86' lang='lat' dir='ltr'><strong>aut</strong></span> <span class='ocrx_word' id='word_1_95' title='bbox 642 1566 704 1624; x_wconf 92' lang='lat' dir='ltr'><strong>in</strong></span> <span class='ocrx_word' id='word_1_96' title='bbox 732 1566 904 1623; x_wconf 85' lang='lat' dir='ltr'><strong>melle</strong></span> <span class='ocrx_word' id='word_1_97' title='bbox 933 1566 1105 1624; x_wconf 90' lang='lat' dir='ltr'><strong>situm</strong></span> <span class='ocrx_word' id='word_1_98' title='bbox 1135 1566 1403 1625; x_wconf 86' lang='lat' dir='ltr'><strong>suffocari</strong></span> <span class='ocrx_word' id='word_1_99' title='bbox 1433 1577 1606 1641; x_wconf 91' lang='lat' dir='ltr'><strong>atque</strong></span> <span class='ocrx_word' id='word_1_100' title='bbox 1636 1568 1819 1642; x_wconf 89' lang='lat' dir='ltr'><strong>rigere</strong></span> 
     </span>
    </p>

    <p class='ocr_par' dir='ltr' id='par_1_11' title="bbox 518 1656 2032 1732">
     <span class='ocr_line' id='line_1_15' title="bbox 518 1656 2032 1732; baseline 0.001 -19"><span class='ocrx_word' id='word_1_101' title='bbox 518 1656 743 1731; x_wconf 87' lang='lat' dir='ltr'><strong>frigore,</strong></span> <span class='ocrx_word' id='word_1_102' title='bbox 774 1674 911 1713; x_wconf 90' lang='lat' dir='ltr'><strong>cum</strong></span> <span class='ocrx_word' id='word_1_103' title='bbox 940 1675 1169 1715; x_wconf 90' lang='lat' dir='ltr'><strong>summo</strong></span> <span class='ocrx_word' id='word_1_104' title='bbox 1197 1656 1372 1732; x_wconf 89' lang='lat' dir='ltr'><strong>gelidi</strong></span> <span class='ocrx_word' id='word_1_105' title='bbox 1404 1658 1582 1716; x_wconf 89' lang='lat' dir='ltr'><strong>cubat</strong></span> <span class='ocrx_word' id='word_1_106' title='bbox 1610 1676 1862 1732; x_wconf 90' lang='lat' dir='ltr'><strong>aequore</strong></span> <span class='ocrx_word' id='word_1_107' title='bbox 1892 1657 2032 1729; x_wconf 87' lang='lat' dir='ltr'><strong>saxi,</strong></span> 
     </span>
    </p>

    <p class='ocr_par' dir='ltr' id='par_1_12' title="bbox 519 1747 1886 1823">
     <span class='ocr_line' id='line_1_16' title="bbox 519 1747 1886 1823; baseline 0.001 -20"><span class='ocrx_word' id='word_1_108' title='bbox 519 1747 777 1822; x_wconf 90' lang='lat' dir='ltr'><strong>urgerive</strong></span> <span class='ocrx_word' id='word_1_109' title='bbox 808 1764 1055 1821; x_wconf 89' lang='lat' dir='ltr'><strong>superne</strong></span> <span class='ocrx_word' id='word_1_110' title='bbox 1086 1748 1365 1806; x_wconf 88' lang='lat' dir='ltr'><strong>obtritum</strong></span> <span class='ocrx_word' id='word_1_111' title='bbox 1392 1747 1656 1823; x_wconf 86' lang='lat' dir='ltr'><strong>pondere</strong></span> <span class='ocrx_word' id='word_1_112' title='bbox 1684 1758 1886 1805; x_wconf 87' lang='lat' dir='ltr'><strong>terrae.</strong></span> 
     </span>
    </p>

    <p class='ocr_par' dir='ltr' id='par_1_13' title="bbox 518 1837 2327 2729">
     <span class='ocr_line' id='line_1_17' title="bbox 598 1837 2264 1914; baseline 0.001 -18"><span class='ocrx_word' id='word_1_113' title='bbox 598 1840 614 1867; x_wconf 90' lang='lat'>‘</span> <span class='ocrx_word' id='word_1_114' title='bbox 634 1838 765 1896; x_wconf 88' lang='lat' dir='ltr'><strong>Iam</strong></span> <span class='ocrx_word' id='word_1_115' title='bbox 793 1837 907 1894; x_wconf 89' lang='lat' dir='ltr'><strong>iam</strong></span> <span class='ocrx_word' id='word_1_116' title='bbox 937 1856 1058 1896; x_wconf 90' lang='lat' dir='ltr'><strong>non</strong></span> <span class='ocrx_word' id='word_1_117' title='bbox 1088 1837 1301 1897; x_wconf 92' lang='lat' dir='ltr'><strong>domus</strong></span> <span class='ocrx_word' id='word_1_118' title='bbox 1331 1839 1582 1914; x_wconf 88' lang='lat' dir='ltr'><strong>accipiet</strong></span> <span class='ocrx_word' id='word_1_119' title='bbox 1608 1848 1667 1897; x_wconf 92' lang='lat' dir='ltr'><strong>te</strong></span> <span class='ocrx_word' id='word_1_120' title='bbox 1696 1840 1863 1909; x_wconf 86' lang='lat' dir='ltr'><strong>laeta,</strong></span> <span class='ocrx_word' id='word_1_121' title='bbox 1895 1857 2088 1913; x_wconf 89' lang='lat' dir='ltr'><strong>neque</strong></span> <span class='ocrx_word' id='word_1_122' title='bbox 2117 1857 2264 1897; x_wconf 90' lang='lat' dir='ltr'><strong>uxor</strong></span> 
     </span>
     <span class='ocr_line' id='line_1_18' title="bbox 518 1927 2323 2006; baseline -0.001 -19"><span class='ocrx_word' id='word_1_123' title='bbox 518 1929 741 2006; x_wconf 88' lang='lat' dir='ltr'><strong>optima</strong></span> <span class='ocrx_word' id='word_1_124' title='bbox 767 1946 881 1985; x_wconf 91' lang='lat' dir='ltr'><strong>nec</strong></span> <span class='ocrx_word' id='word_1_125' title='bbox 910 1927 1111 1987; x_wconf 90' lang='lat' dir='ltr'><strong>dulces</strong></span> <span class='ocrx_word' id='word_1_126' title='bbox 1139 1939 1448 1988; x_wconf 89' lang='lat' dir='ltr'><strong>occurrent</strong></span> <span class='ocrx_word' id='word_1_127' title='bbox 1477 1930 1678 1987; x_wconf 89' lang='lat' dir='ltr'><strong>oscula</strong></span> <span class='ocrx_word' id='word_1_128' title='bbox 1706 1929 1824 1986; x_wconf 90' lang='lat' dir='ltr'><strong>nati</strong></span> <span class='ocrx_word' id='word_1_129' title='bbox 2230 1938 2323 2002; x_wconf 85' lang='lat'><strong>895</strong></span> 
     </span>
     <span class='ocr_line' id='line_1_19' title="bbox 518 2019 2004 2095; baseline 0.001 -18"><span class='ocrx_word' id='word_1_130' title='bbox 518 2020 846 2095; x_wconf 90' lang='lat' dir='ltr'><strong>praeripere</strong></span> <span class='ocrx_word' id='word_1_131' title='bbox 876 2029 935 2077; x_wconf 92' lang='lat' dir='ltr'><strong>et</strong></span> <span class='ocrx_word' id='word_1_132' title='bbox 963 2020 1137 2078; x_wconf 89' lang='lat' dir='ltr'><strong>tacita</strong></span> <span class='ocrx_word' id='word_1_133' title='bbox 1162 2030 1368 2095; x_wconf 90' lang='lat' dir='ltr'><strong>pectus</strong></span> <span class='ocrx_word' id='word_1_134' title='bbox 1399 2019 1713 2078; x_wconf 90' lang='lat' dir='ltr'><strong>dulcedine</strong></span> <span class='ocrx_word' id='word_1_135' title='bbox 1743 2028 2004 2094; x_wconf 85' lang='lat' dir='ltr'><strong>tangent.</strong></span> 
     </span>
     <span class='ocr_line' id='line_1_20' title="bbox 518 2109 1872 2185; baseline 0 -18"><span class='ocrx_word' id='word_1_136' title='bbox 518 2128 639 2168; x_wconf 92' lang='lat' dir='ltr'><strong>non</strong></span> <span class='ocrx_word' id='word_1_137' title='bbox 666 2109 885 2185; x_wconf 91' lang='lat' dir='ltr'><strong>poteris</strong></span> <span class='ocrx_word' id='word_1_138' title='bbox 912 2110 1075 2168; x_wconf 77' lang='lat' dir='ltr'><strong>factis</strong></span> <span class='ocrx_word' id='word_1_139' title='bbox 1104 2110 1440 2168; x_wconf 91' lang='lat' dir='ltr'><strong>florentibus</strong></span> <span class='ocrx_word' id='word_1_140' title='bbox 1469 2128 1614 2181; x_wconf 89' lang='lat' dir='ltr'><strong>esse,</strong></span> <span class='ocrx_word' id='word_1_141' title='bbox 1644 2110 1872 2184; x_wconf 92' lang='lat' dir='ltr'><strong>tuisque</strong></span> 
     </span>
     <span class='ocr_line' id='line_1_21' title="bbox 519 2199 2155 2277; baseline -0.001 -18"><span class='ocrx_word' id='word_1_142' title='bbox 519 2201 891 2277; x_wconf 89' lang='lat' dir='ltr'><strong>praesidium.</strong></span> <span class='ocrx_word' id='word_1_143' title='bbox 936 2201 1146 2259; x_wconf 88' lang='lat' dir='ltr'><strong>misero</strong></span> <span class='ocrx_word' id='word_1_144' title='bbox 1177 2201 1383 2259; x_wconf 90' lang='lat' dir='ltr'><strong>misere</strong></span> <span class='ocrx_word' id='word_1_145' title='bbox 1406 2202 1420 2227; x_wconf 94' lang='lat'>’</span> <span class='ocrx_word' id='word_1_146' title='bbox 1451 2201 1612 2258; x_wconf 85' lang='lat' dir='ltr'><strong>aiunt</strong></span> <span class='ocrx_word' id='word_1_147' title='bbox 1643 2204 1658 2230; x_wconf 91' lang='lat'>‘</span> <span class='ocrx_word' id='word_1_148' title='bbox 1679 2200 1878 2259; x_wconf 90' lang='lat' dir='ltr'><strong>omnia</strong></span> <span class='ocrx_word' id='word_1_149' title='bbox 1931 2199 2155 2257; x_wconf 88' lang='lat' dir='ltr'><strong>ademit</strong></span> 
     </span>
     <span class='ocr_line' id='line_1_22' title="bbox 518 2284 1772 2367; baseline -0.001 -18"><span class='ocrx_word' id='word_1_150' title='bbox 518 2310 636 2350; x_wconf 87' lang='lat' dir='ltr'><strong>una</strong></span> <span class='ocrx_word' id='word_1_151' title='bbox 662 2291 790 2350; x_wconf 90' lang='lat' dir='ltr'><strong>dies</strong></span> <span class='ocrx_word' id='word_1_152' title='bbox 818 2291 1025 2349; x_wconf 89' lang='lat' dir='ltr'><strong>infesta</strong></span> <span class='ocrx_word' id='word_1_153' title='bbox 1052 2292 1155 2349; x_wconf 91' lang='lat' dir='ltr'><strong>tibi</strong></span> <span class='ocrx_word' id='word_1_154' title='bbox 1182 2284 1269 2349; x_wconf 80' lang='lat' dir='ltr'><strong>t&#39;ot</strong></span> <span class='ocrx_word' id='word_1_155' title='bbox 1296 2291 1556 2367; x_wconf 88' lang='lat' dir='ltr'><strong>praemia</strong></span> <span class='ocrx_word' id='word_1_156' title='bbox 1582 2290 1772 2349; x_wconf 67' lang='lat' dir='ltr'><strong>vitae!</strong></span> 
     </span>
     <span class='ocr_line' id='line_1_23' title="bbox 518 2380 2327 2451; baseline -0.001 -12"><span class='ocrx_word' id='word_1_157' title='bbox 518 2382 658 2440; x_wconf 91' lang='lat' dir='ltr'><strong>illud</strong></span> <span class='ocrx_word' id='word_1_158' title='bbox 686 2382 748 2439; x_wconf 91' lang='lat' dir='ltr'><strong>in</strong></span> <span class='ocrx_word' id='word_1_159' title='bbox 776 2382 866 2440; x_wconf 90' lang='lat' dir='ltr'><strong>his</strong></span> <span class='ocrx_word' id='word_1_160' title='bbox 896 2383 1065 2439; x_wconf 91' lang='lat' dir='ltr'><strong>rebus</strong></span> <span class='ocrx_word' id='word_1_161' title='bbox 1094 2400 1213 2439; x_wconf 90' lang='lat' dir='ltr'><strong>non</strong></span> <span class='ocrx_word' id='word_1_162' title='bbox 1244 2380 1473 2439; x_wconf 88' lang='lat' dir='ltr'><strong>addunt</strong></span> <span class='ocrx_word' id='word_1_163' title='bbox 1503 2386 1519 2411; x_wconf 92' lang='lat'>‘</span> <span class='ocrx_word' id='word_1_164' title='bbox 1541 2400 1653 2439; x_wconf 91' lang='lat' dir='ltr'><strong>nec</strong></span> <span class='ocrx_word' id='word_1_165' title='bbox 1683 2381 1784 2439; x_wconf 92' lang='lat' dir='ltr'><strong>tibi</strong></span> <span class='ocrx_word' id='word_1_166' title='bbox 1816 2399 2015 2438; x_wconf 88' lang='lat' dir='ltr'><strong>earum</strong></span> <span class='ocrx_word' id='word_1_167' title='bbox 2230 2399 2327 2451; x_wconf 92' lang='lat'><strong>900</strong></span> 
     </span>
     <span class='ocr_line' id='line_1_24' title="bbox 519 2471 1862 2546; baseline -0.001 -16"><span class='ocrx_word' id='word_1_168' title='bbox 519 2472 631 2530; x_wconf 91' lang='lat' dir='ltr'><strong>iam</strong></span> <span class='ocrx_word' id='word_1_169' title='bbox 661 2471 1018 2530; x_wconf 89' lang='lat' dir='ltr'><strong>desiderium</strong></span> <span class='ocrx_word' id='word_1_170' title='bbox 1046 2490 1236 2529; x_wconf 90' lang='lat' dir='ltr'><strong>rerum</strong></span> <span class='ocrx_word' id='word_1_171' title='bbox 1266 2490 1442 2546; x_wconf 90' lang='lat' dir='ltr'><strong>super</strong></span> <span class='ocrx_word' id='word_1_172' title='bbox 1468 2471 1682 2530; x_wconf 90' lang='lat' dir='ltr'><strong>insidet</strong></span> <span class='ocrx_word' id='word_1_173' title='bbox 1708 2472 1862 2529; x_wconf 88' lang='lat' dir='ltr'><strong>una.’</strong></span> 
     </span>
     <span class='ocr_line' id='line_1_25' title="bbox 520 2562 2108 2637; baseline -0.003 -16"><span class='ocrx_word' id='word_1_174' title='bbox 520 2562 683 2637; x_wconf 92' lang='lat' dir='ltr'><strong>quod</strong></span> <span class='ocrx_word' id='word_1_175' title='bbox 710 2563 864 2621; x_wconf 92' lang='lat' dir='ltr'><strong>bene</strong></span> <span class='ocrx_word' id='word_1_176' title='bbox 894 2562 942 2621; x_wconf 91' lang='lat' dir='ltr'><strong>si</strong></span> <span class='ocrx_word' id='word_1_177' title='bbox 970 2562 1201 2621; x_wconf 89' lang='lat' dir='ltr'><strong>videant</strong></span> <span class='ocrx_word' id='word_1_178' title='bbox 1228 2563 1427 2621; x_wconf 86' lang='lat' dir='ltr'><strong>animo</strong></span> <span class='ocrx_word' id='word_1_179' title='bbox 1458 2562 1745 2637; x_wconf 89' lang='lat' dir='ltr'><strong>dictisque</strong></span> <span class='ocrx_word' id='word_1_180' title='bbox 1773 2570 2108 2637; x_wconf 88' lang='lat' dir='ltr'><strong>sequantur,</strong></span> 
     </span>
     <span class='ocr_line' id='line_1_26' title="bbox 520 2652 1948 2729; baseline 0 -18"><span class='ocrx_word' id='word_1_181' title='bbox 520 2652 839 2725; x_wconf 83' lang='lat' dir='ltr'><strong>dissoluant</strong></span> <span class='ocrx_word' id='word_1_182' title='bbox 866 2652 1043 2711; x_wconf 88' lang='lat' dir='ltr'><strong>animi</strong></span> <span class='ocrx_word' id='word_1_183' title='bbox 1071 2671 1285 2729; x_wconf 92' lang='lat' dir='ltr'><strong>magno</strong></span> <span class='ocrx_word' id='word_1_184' title='bbox 1314 2671 1376 2711; x_wconf 89' lang='lat' dir='ltr'><strong>se</strong></span> <span class='ocrx_word' id='word_1_185' title='bbox 1405 2671 1620 2728; x_wconf 91' lang='lat' dir='ltr'><strong>angore</strong></span> <span class='ocrx_word' id='word_1_186' title='bbox 1650 2663 1948 2727; x_wconf 88' lang='lat' dir='ltr'><strong>metuque.</strong></span> 
     </span>
    </p>

    <p class='ocr_par' dir='ltr' id='par_1_14' title="bbox 523 2742 1896 2820">
     <span class='ocr_line' id='line_1_27' title="bbox 523 2742 1896 2820; baseline -0.001 -20"><span class='ocrx_word' id='word_1_187' title='bbox 523 2747 612 2802; x_wconf 90' lang='lat' dir='ltr'><strong>‘tu</strong></span> <span class='ocrx_word' id='word_1_188' title='bbox 641 2742 885 2818; x_wconf 89' lang='lat' dir='ltr'><strong>quidem</strong></span> <span class='ocrx_word' id='word_1_189' title='bbox 913 2751 978 2800; x_wconf 89' lang='lat' dir='ltr'><strong>ut</strong></span> <span class='ocrx_word' id='word_1_190' title='bbox 1006 2762 1069 2801; x_wconf 92' lang='lat' dir='ltr'><strong>es</strong></span> <span class='ocrx_word' id='word_1_191' title='bbox 1096 2744 1213 2802; x_wconf 91' lang='lat' dir='ltr'><strong>leto</strong></span> <span class='ocrx_word' id='word_1_192' title='bbox 1242 2745 1483 2820; x_wconf 90' lang='lat' dir='ltr'><strong>sopitus,</strong></span> <span class='ocrx_word' id='word_1_193' title='bbox 1516 2744 1598 2802; x_wconf 90' lang='lat' dir='ltr'><strong>sic</strong></span> <span class='ocrx_word' id='word_1_194' title='bbox 1628 2743 1737 2801; x_wconf 91' lang='lat' dir='ltr'><strong>eris</strong></span> <span class='ocrx_word' id='word_1_195' title='bbox 1766 2742 1896 2799; x_wconf 88' lang='lat' dir='ltr'><strong>aevi</strong></span> 
     </span>
    </p>

    <p class='ocr_par' dir='ltr' id='par_1_15' title="bbox 521 2832 2322 2999">
     <span class='ocr_line' id='line_1_28' title="bbox 521 2832 2322 2909; baseline -0.001 -17"><span class='ocrx_word' id='word_1_196' title='bbox 521 2832 681 2909; x_wconf 90' lang='lat' dir='ltr'><strong>quod</strong></span> <span class='ocrx_word' id='word_1_197' title='bbox 712 2842 976 2909; x_wconf 89' lang='lat' dir='ltr'><strong>superest</strong></span> <span class='ocrx_word' id='word_1_198' title='bbox 1003 2834 1227 2892; x_wconf 91' lang='lat' dir='ltr'><strong>cunctis</strong></span> <span class='ocrx_word' id='word_1_199' title='bbox 1256 2835 1499 2909; x_wconf 90' lang='lat' dir='ltr'><strong>privatu’</strong></span> <span class='ocrx_word' id='word_1_200' title='bbox 1531 2833 1827 2892; x_wconf 90' lang='lat' dir='ltr'><strong>doloribus</strong></span> <span class='ocrx_word' id='word_1_201' title='bbox 1855 2832 2079 2907; x_wconf 84' lang='lat' dir='ltr'><strong>aegris:</strong></span> <span class='ocrx_word' id='word_1_202' title='bbox 2229 2850 2322 2905; x_wconf 88' lang='lat'><strong>905</strong></span> 
     </span>
     <span class='ocr_line' id='line_1_29' title="bbox 522 2924 1895 2999; baseline 0 -18"><span class='ocrx_word' id='word_1_203' title='bbox 522 2934 579 2982; x_wconf 88' lang='lat' dir='ltr'><strong>at</strong></span> <span class='ocrx_word' id='word_1_204' title='bbox 606 2943 716 2982; x_wconf 93' lang='lat' dir='ltr'><strong>nos</strong></span> <span class='ocrx_word' id='word_1_205' title='bbox 745 2924 1014 2981; x_wconf 89' lang='lat' dir='ltr'><strong>horrifico</strong></span> <span class='ocrx_word' id='word_1_206' title='bbox 1044 2925 1394 2982; x_wconf 89' lang='lat' dir='ltr'><strong>cinefactum</strong></span> <span class='ocrx_word' id='word_1_207' title='bbox 1423 2934 1481 2982; x_wconf 88' lang='lat' dir='ltr'><strong>te</strong></span> <span class='ocrx_word' id='word_1_208' title='bbox 1511 2942 1694 2999; x_wconf 90' lang='lat' dir='ltr'><strong>prope</strong></span> <span class='ocrx_word' id='word_1_209' title='bbox 1722 2924 1895 2982; x_wconf 92' lang='lat' dir='ltr'><strong>busto</strong></span> 
     </span>
    </p>

    <p class='ocr_par' dir='ltr' id='par_1_16' title="bbox 522 3014 1749 3090">
     <span class='ocr_line' id='line_1_30' title="bbox 522 3014 1749 3090; baseline 0.002 -19"><span class='ocrx_word' id='word_1_210' title='bbox 522 3014 915 3073; x_wconf 89' lang='lat' dir='ltr'><strong>insatiabiliter</strong></span> <span class='ocrx_word' id='word_1_211' title='bbox 942 3015 1299 3087; x_wconf 78' lang='lat' dir='ltr'><strong>deflevimuS,</strong></span> <span class='ocrx_word' id='word_1_212' title='bbox 1329 3026 1749 3090; x_wconf 86' lang='lat' dir='ltr'><strong>aeternumque</strong></span> 
     </span>
    </p>

    <p class='ocr_par' dir='ltr' id='par_1_17' title="bbox 522 3104 1981 3180">
     <span class='ocr_line' id='line_1_31' title="bbox 522 3104 1981 3180; baseline 0.001 -19"><span class='ocrx_word' id='word_1_213' title='bbox 522 3104 677 3162; x_wconf 85' lang='lat' dir='ltr'><strong>nulla</strong></span> <span class='ocrx_word' id='word_1_214' title='bbox 705 3104 833 3163; x_wconf 91' lang='lat' dir='ltr'><strong>dies</strong></span> <span class='ocrx_word' id='word_1_215' title='bbox 860 3105 1030 3163; x_wconf 90' lang='lat' dir='ltr'><strong>nobis</strong></span> <span class='ocrx_word' id='word_1_216' title='bbox 1059 3124 1380 3164; x_wconf 89' lang='lat' dir='ltr'><strong>maerorem</strong></span> <span class='ocrx_word' id='word_1_217' title='bbox 1410 3124 1443 3163; x_wconf 90' lang='lat' dir='ltr'><strong>e</strong></span> <span class='ocrx_word' id='word_1_218' title='bbox 1473 3116 1712 3180; x_wconf 88' lang='lat' dir='ltr'><strong>pectore</strong></span> <span class='ocrx_word' id='word_1_219' title='bbox 1743 3104 1981 3163; x_wconf 90' lang='lat' dir='ltr'><strong>demet.’</strong></span> 
     </span>
    </p>

    <p class='ocr_par' dir='ltr' id='par_1_18' title="bbox 523 3193 2325 3452">
     <span class='ocr_line' id='line_1_32' title="bbox 523 3193 2154 3271; baseline 0 -20"><span class='ocrx_word' id='word_1_220' title='bbox 523 3193 661 3253; x_wconf 93' lang='lat' dir='ltr'><strong>illud</strong></span> <span class='ocrx_word' id='word_1_221' title='bbox 690 3195 766 3253; x_wconf 91' lang='lat' dir='ltr'><strong>ab</strong></span> <span class='ocrx_word' id='word_1_222' title='bbox 795 3194 911 3253; x_wconf 93' lang='lat' dir='ltr'><strong>hoc</strong></span> <span class='ocrx_word' id='word_1_223' title='bbox 940 3196 1109 3270; x_wconf 89' lang='lat' dir='ltr'><strong>igitur</strong></span> <span class='ocrx_word' id='word_1_224' title='bbox 1136 3196 1538 3271; x_wconf 87' lang='lat' dir='ltr'><strong>quaerendum</strong></span> <span class='ocrx_word' id='word_1_225' title='bbox 1567 3208 1673 3266; x_wconf 85' lang='lat' dir='ltr'><strong>est,</strong></span> <span class='ocrx_word' id='word_1_226' title='bbox 1704 3194 1847 3269; x_wconf 91' lang='lat' dir='ltr'><strong>quid</strong></span> <span class='ocrx_word' id='word_1_227' title='bbox 1876 3194 1947 3252; x_wconf 92' lang='lat' dir='ltr'><strong>sit</strong></span> <span class='ocrx_word' id='word_1_228' title='bbox 1975 3194 2154 3252; x_wconf 89' lang='lat' dir='ltr'><strong>amari</strong></span> 
     </span>
     <span class='ocr_line' id='line_1_33' title="bbox 524 3284 2325 3360; baseline -0.003 -17"><span class='ocrx_word' id='word_1_229' title='bbox 524 3294 687 3343; x_wconf 88' lang='lat' dir='ltr'><strong>tanto</strong></span> <span class='ocrx_word' id='word_1_230' title='bbox 715 3302 913 3360; x_wconf 90' lang='lat' dir='ltr'><strong>opere,</strong></span> <span class='ocrx_word' id='word_1_231' title='bbox 937 3284 1014 3343; x_wconf 90' lang='lat' dir='ltr'><strong>ad</strong></span> <span class='ocrx_word' id='word_1_232' title='bbox 1043 3303 1313 3344; x_wconf 89' lang='lat' dir='ltr'><strong>somnum</strong></span> <span class='ocrx_word' id='word_1_233' title='bbox 1344 3287 1389 3343; x_wconf 88' lang='lat' dir='ltr'><strong>si</strong></span> <span class='ocrx_word' id='word_1_234' title='bbox 1419 3304 1510 3343; x_wconf 90' lang='lat' dir='ltr'><strong>res</strong></span> <span class='ocrx_word' id='word_1_235' title='bbox 1540 3286 1690 3343; x_wconf 88' lang='lat' dir='ltr'><strong>redit</strong></span> <span class='ocrx_word' id='word_1_236' title='bbox 1717 3295 1893 3360; x_wconf 90' lang='lat' dir='ltr'><strong>atque</strong></span> <span class='ocrx_word' id='word_1_237' title='bbox 1923 3284 2200 3359; x_wconf 89' lang='lat' dir='ltr'><strong>quietem,</strong></span> <span class='ocrx_word' id='word_1_238' title='bbox 2228 3303 2325 3356; x_wconf 87' lang='lat'><strong>910</strong></span> 
     </span>
     <span class='ocr_line' id='line_1_34' title="bbox 524 3375 1978 3452; baseline 0 -19"><span class='ocrx_word' id='word_1_239' title='bbox 524 3394 628 3433; x_wconf 88' lang='lat' dir='ltr'><strong>cur</strong></span> <span class='ocrx_word' id='word_1_240' title='bbox 654 3376 963 3452; x_wconf 90' lang='lat' dir='ltr'><strong>quisquam</strong></span> <span class='ocrx_word' id='word_1_241' title='bbox 993 3386 1232 3434; x_wconf 89' lang='lat' dir='ltr'><strong>aeterno</strong></span> <span class='ocrx_word' id='word_1_242' title='bbox 1262 3376 1446 3451; x_wconf 90' lang='lat' dir='ltr'><strong>possit</strong></span> <span class='ocrx_word' id='word_1_243' title='bbox 1474 3376 1771 3434; x_wconf 87' lang='lat' dir='ltr'><strong>tabescere</strong></span> <span class='ocrx_word' id='word_1_244' title='bbox 1799 3375 1978 3433; x_wconf 89' lang='lat' dir='ltr'><strong>luctu.</strong></span> 
     </span>
    </p>

    <p class='ocr_par' dir='ltr' id='par_1_19' title="bbox 526 3465 2099 3632">
     <span class='ocr_line' id='line_1_35' title="bbox 608 3465 2059 3539; baseline -0.002 -14"><span class='ocrx_word' id='word_1_245' title='bbox 608 3467 751 3525; x_wconf 93' lang='lat' dir='ltr'><strong>Hoc</strong></span> <span class='ocrx_word' id='word_1_246' title='bbox 780 3467 956 3525; x_wconf 88' lang='lat' dir='ltr'><strong>etiam</strong></span> <span class='ocrx_word' id='word_1_247' title='bbox 984 3466 1204 3526; x_wconf 87' lang='lat' dir='ltr'><strong>faciunt</strong></span> <span class='ocrx_word' id='word_1_248' title='bbox 1232 3466 1332 3525; x_wconf 89' lang='lat' dir='ltr'><strong>ubi</strong></span> <span class='ocrx_word' id='word_1_249' title='bbox 1360 3465 1708 3525; x_wconf 90' lang='lat' dir='ltr'><strong>discubuere</strong></span> <span class='ocrx_word' id='word_1_250' title='bbox 1739 3474 2059 3539; x_wconf 91' lang='lat' dir='ltr'><strong>tenentque</strong></span> 
     </span>
     <span class='ocr_line' id='line_1_36' title="bbox 526 3554 2099 3632; baseline -0.001 -18"><span class='ocrx_word' id='word_1_251' title='bbox 526 3556 742 3631; x_wconf 88' lang='lat' dir='ltr'><strong>pocula</strong></span> <span class='ocrx_word' id='word_1_252' title='bbox 769 3574 945 3632; x_wconf 90' lang='lat' dir='ltr'><strong>saepe</strong></span> <span class='ocrx_word' id='word_1_253' title='bbox 974 3556 1243 3615; x_wconf 87' lang='lat' dir='ltr'><strong>homines</strong></span> <span class='ocrx_word' id='word_1_254' title='bbox 1271 3565 1330 3614; x_wconf 89' lang='lat' dir='ltr'><strong>et</strong></span> <span class='ocrx_word' id='word_1_255' title='bbox 1356 3557 1690 3614; x_wconf 89' lang='lat' dir='ltr'><strong>inumbrant</strong></span> <span class='ocrx_word' id='word_1_256' title='bbox 1719 3574 1821 3613; x_wconf 88' lang='lat' dir='ltr'><strong>ora</strong></span> <span class='ocrx_word' id='word_1_257' title='bbox 1848 3554 2099 3625; x_wconf 81' lang='lat' dir='ltr'><strong>coroniS‚</strong></span> 
     </span>
    </p>
   </div>
  </div>
 </body>
</html>
