2784 3992
581 363 659 436 1.]
1042 363 1150 416 DE
1203 363 1496 415 RERUM
1553 361 1896 414 NATURA
2352 361 2383 428 5

575 542 813 582 cernere
841 524 926 582 uti
951 523 1253 581 videamur
1280 541 1382 580 eos
1412 523 1729 597 audireque
1760 541 1977 594 coram,

575 625 762 672 morte
791 615 952 672 obita
977 633 1226 688 quorum
1255 615 1422 671 tellus
1452 615 1818 688 amplectitur
1846 632 1995 671 ossa.
2298 631 2387 683 ¹35

573 723 686 762 nec
715 723 811 762 me
841 706 1020 762 animi
1048 705 1186 762 fallit
1215 706 1525 763 Graiorum
1554 704 1803 762 obscura
1830 713 2059 778 reperta

575 795 808 853 difficile
837 796 1136 853 inlustrare
1169 796 1384 852 Latinis
1415 795 1676 852 versibus
1706 813 1852 867 esse,

574 888 755 944 multa
781 887 946 945 novis
975 887 1166 944 verbis
1193 887 1533 960 praesertim
1562 903 1699 943 cum
1728 886 1799 942 sit
1826 885 2125 960 agendum

572 989 811 1054 propter
839 989 1154 1054 egestatem
1186 980 1416 1054 linguae
1446 988 1505 1036 et
1532 995 1724 1036 rerum
1752 979 2067 1036 novitatem
2091 999 2109 1050 3

573 1070 678 1127 sed
707 1079 807 1126 tua
835 1089 928 1127 me
957 1071 1134 1126 virtus
1163 1078 1360 1126 tamen
1389 1079 1449 1126 et
1478 1078 1706 1143 sperata
1731 1069 1997 1142 voluptas
2298 1089 2389 1137 140

573 1162 760 1218 suavis
791 1161 1076 1217 amicitiae
1107 1161 1368 1234 quemvis
1402 1159 1634 1217 sufferre
1663 1159 1923 1218 laborem

573 1251 778 1316 suadet
807 1260 865 1308 et
894 1250 1118 1308 inducit
1146 1260 1351 1308 noctes
1378 1251 1612 1324 vigilare
1642 1268 1877 1308 serenas

573 1352 948 1415 quaerentem
980 1340 1148 1398 dictis
1179 1341 1389 1415 quibus
1420 1350 1479 1398 et
1507 1359 1625 1414 quo
1656 1341 1910 1397 carmine
1940 1339 2183 1397 demum

572 1432 724 1488 clara
752 1441 884 1488 tuae
914 1431 1135 1506 possim
1163 1429 1563 1506 praepandere
1592 1431 1812 1488 lumina
1839 1431 2037 1501 menti,

569 1540 662 1579 res
690 1523 901 1596 quibus
929 1522 1186 1579 occultas
1214 1522 1448 1596 penitus
1477 1522 1777 1578 convisere
1806 1521 2011 1595 possis,
2287 1540 2375 1590 145

654 1615 834 1670 Hunc
857 1613 1026 1687 igitur
1046 1623 1323 1671 terrorem
1347 1613 1527 1670 animi
1548 1613 1934 1687 tenebrasque
1957 1620 2253 1669 necessest

569 1721 692 1760 non
721 1703 863 1760 radii
893 1703 1027 1760 solis
1056 1721 1250 1777 neque
1279 1702 1476 1760 lucida
1504 1703 1619 1760 tela
1647 1701 1765 1761 diei

570 1794 900 1866 discutiant,
931 1794 1036 1851 sed
1065 1806 1304 1851 naturae
1334 1794 1561 1868 species
1589 1794 1869 1868 ratioque.

568 1884 922 1960 principium
952 1885 1114 1941 cuius
1144 1884 1281 1941 hinc
1308 1885 1478 1941 nobis
1508 1882 1748 1957 exordia
1775 1891 1984 1955 sumet,

568 1976 783 2033 nullam
811 1993 936 2032 rem
964 1995 996 2032 e
1027 1976 1146 2032 nilo
1175 1975 1332 2049 gigni
1361 1974 1633 2032 divinitus
1662 1992 1961 2049 umquam.
2294 1991 2385 2044 150

568 2068 788 2142 quippe
819 2067 898 2124 ita
925 2066 1174 2124 formido
1205 2066 1460 2123 mortalis
1489 2065 1753 2122 continet
1781 2066 1993 2138 omniS‚

568 2156 730 2232 quod
759 2158 939 2214 multa
966 2157 1027 2214 in
1055 2158 1216 2214 terris
1245 2156 1368 2213 fieri
1399 2156 1680 2230 caeloque
1704 2164 1939 2213 tuentur

567 2267 815 2322 quorum
845 2266 1091 2322 operum
1120 2265 1324 2304 causas
1352 2247 1509 2303 nulla
1535 2248 1755 2303 ratione
1784 2245 1981 2304 videre

566 2350 809 2414 possunt
837 2359 906 2396 ac
936 2340 1061 2397 fieri
1088 2337 1288 2396 divino
1317 2338 1555 2394 numine
1584 2347 1799 2394 rentur.

567 2448 710 2505 quas
739 2431 817 2489 ob
844 2449 936 2488 res
963 2432 1066 2490 ubi
1091 2429 1407 2488 viderimus
1433 2428 1514 2484 nil
1542 2446 1715 2502 posse
1745 2427 1929 2485 creari
2290 2444 2379 2498 155

567 2520 642 2578 de
671 2522 809 2592 nilo,
839 2532 963 2578 tum
993 2521 1155 2596 quod
1184 2520 1483 2595 sequimur
1509 2518 1623 2576 iam
1654 2519 1867 2576 rectius
1895 2517 2034 2575 inde

565 2613 1000 2686 perspiciemuS‚
1032 2622 1090 2670 et
1118 2610 1276 2670 unde
1307 2619 1485 2686 queat
1513 2627 1605 2666 res
1634 2626 1904 2683 quaeque
1936 2608 2117 2665 creari

567 2712 624 2758 et
653 2692 772 2777 quo
804 2721 1070 2777 quaeque
1100 2702 1281 2760 modo
1311 2702 1454 2759 fiant
1486 2718 1668 2775 opera
1696 2700 1819 2756 sine
1850 2698 2067 2756 divom.

649 2795 806 2850 Nam
836 2795 883 2851 si
911 2793 986 2851 de
1016 2794 1133 2851 nilo
1162 2794 1385 2865 fierent,
1417 2811 1491 2850 ex
1520 2791 1783 2850 omnibu'
1812 2790 1986 2848 rebus

566 2901 742 2941 omne
772 2902 954 2959 genus
984 2885 1142 2941 nasci
1173 2892 1388 2958 posset,
1420 2884 1501 2940 nil
1529 2882 1754 2940 semine
1784 2889 1997 2956 egeret.
2284 2887 2377 2936 160

567 2991 600 3030 e
627 2992 785 3032 mare
815 2975 1064 3049 primum
1095 2974 1382 3043 homineS‚
1414 2991 1447 3030 e
1476 2977 1627 3031 terra‘
1654 2981 1855 3048 posset
1883 2970 2016 3028 oriri

566 3066 994 3140 squamigerum
1021 3083 1203 3140 genus
1233 3074 1291 3121 et
1317 3061 1581 3122 volucres
1614 3077 1919 3137 erumpere
1950 3061 2112 3118 caelo
2134 3081 2151 3132 3

565 3164 825 3213 armenta
851 3164 1026 3229 atque
1055 3155 1198 3212 aliae
1228 3153 1508 3228 pecudes,
1539 3171 1723 3227 genus
1754 3170 1932 3210 omne
1963 3151 2229 3223 ferarum,

564 3245 785 3304 incerto
813 3255 980 3321 partu
1010 3245 1164 3302 culta
1192 3263 1260 3301 ac
1292 3243 1523 3302 deserta
1549 3253 1834 3301 tenerent.

563 3353 673 3394 nec
703 3338 921 3394 fructus
948 3335 1109 3394 idem
1137 3335 1435 3393 arboribus
1465 3344 1729 3392 constare
1759 3334 2031 3404 solerent,
2284 3337 2373 3402 165

563 3426 668 3484 sed
697 3437 1068 3500 mutarentur,
1100 3427 1244 3483 ferre
1273 3444 1481 3484 omnes
1509 3405 1708 3482 ofnnia
1736 3434 1994 3498 possent.

563 3519 784 3592 quippe
812 3506 922 3576 ub'i
940 3536 1059 3574 non
1091 3525 1285 3574 essent
1310 3517 1580 3590 genitalia
1608 3532 1853 3588 corpora
1882 3515 2112 3587 cuique,

565 3609 663 3682 qui
691 3617 889 3684 posset
918 3619 1100 3694 mater
1126 3608 1297 3664 rebus
1327 3607 1643 3664 consistere
1675 3605 1875 3660 certa?
