2784 3992
478 295 599 374 136
1109 304 1574 360 LUCRETIUS
2151 303 2285 375 [lv.

466 469 528 528 id
555 487 793 545 quoque
822 468 1127 544 permagni
1155 468 1327 526 refert
1348 487 1366 540 ;
1409 485 1545 524 nam
1577 484 1740 525 more
1771 467 2019 524 ferarum

466 560 1036 635 quadrupedumque
1066 560 1249 634 magis
1276 559 1387 616 ritu
1417 559 1761 633 plerumque
1791 568 2066 632 putantur
2158 564 2280 629 1265

466 652 778 726 concipere
809 668 1035 721 uxores,
1066 650 1202 724 quia
1232 650 1314 707 sic
1343 650 1475 706 loca
1504 667 1732 707 sumere
1762 659 2024 723 possunt,

465 742 800 817 pectoribus
828 741 1051 817 positiS,
1081 740 1319 798 sublatis
1348 740 1576 797 semina
1603 739 1832 798 lumbis.

466 851 578 891 nec
607 832 811 889 molles
840 832 977 907 opu’
1010 841 1144 889 sunt
1174 841 1367 889 motus
1398 831 1672 887 uxoribus
1703 830 1901 887 hilum.

465 941 603 981 nam
632 923 837 980 mulier
862 922 1133 997 prohibet
1162 940 1224 979 se
1255 921 1566 996 concipere
1597 931 1772 994 atque
1801 929 2104 995 repugnat,

465 1013 732 1071 clunibus
761 1014 887 1088 ipsa
914 1012 1015 1070 viri
1043 1013 1334 1069 Venerem
1366 1012 1414 1069 si
1443 1010 1593 1069 laeta
1620 1020 1889 1069 retractat
1970 1064 1973 1068 Α
2161 1032 2285 1077 1270

466 1114 642 1179 atque
672 1112 943 1161 exossato
972 1103 1088 1160 ciet
1117 1102 1279 1160 omni
1308 1111 1549 1177 pectore
1579 1100 1787 1159 fluctus
1809 1121 1828 1174 3

466 1194 602 1252 eicit
630 1195 788 1252 enim
818 1194 1045 1251 sulcum
1073 1201 1235 1250 recta
1262 1193 1502 1267 regione
1531 1192 1740 1267 viaque

465 1285 715 1343 vomeris
744 1294 920 1359 atque
949 1284 1093 1342 locis
1122 1283 1325 1341 avertit
1354 1282 1591 1341 seminis
1621 1282 1822 1341 ictum.

466 1374 644 1449 idque
674 1393 778 1433 sua
805 1393 982 1432 causa
1009 1383 1367 1433 consuerunt
1397 1384 1590 1431 scorta
1618 1372 1856 1443 moveri,

465 1483 541 1523 ne
570 1465 1002 1540 complerentur
1029 1466 1236 1523 crebro
1265 1463 1656 1539 gravidaeque
1687 1464 1942 1522 iacerent
2161 1481 2278 1535 ¹275

467 1565 525 1612 et
551 1556 720 1613 simul
749 1556 874 1630 ipsa
902 1556 1033 1613 viris
1062 1556 1263 1612 Venus
1291 1541 1355 1612 ut
1385 1554 1731 1613 concinnior
1759 1564 1912 1612 esset
1933 1574 1951 1627 ;

464 1646 815 1721 coniugibus
843 1646 1006 1721 quod
1036 1646 1115 1703 nil
1142 1646 1351 1703 nostris
1380 1657 1530 1720 opus
1560 1664 1686 1703 esse
1716 1644 1961 1704 videtur.

549 1738 679 1795 Nec
708 1736 981 1795 divinitus
1012 1736 1303 1794 interdum
1332 1737 1696 1810 Venerisque
1725 1736 1944 1811 sagittis

466 1827 749 1885 deteriore
781 1828 845 1884 fit
874 1837 937 1885 ut
965 1827 1151 1885 forma
1178 1827 1514 1884 muliercula
1541 1836 1782 1883 ametur.

465 1936 603 1976 nam
631 1918 767 1976 facit
796 1919 922 1993 ipsa
949 1918 1066 1976 suis
1095 1917 1387 1975 interdum
1418 1918 1634 1974 semina
1662 1916 1826 1974 factis
1875 1902 1896 1925 ⁸
2164 1923 2282 1973 1280

466 2008 881 2083 morigerisque
912 2008 1104 2066 modis
1135 2018 1194 2066 et
1223 2007 1445 2065 munde
1475 2025 1722 2082 corpore
1753 2006 1930 2077 culte,

465 2108 529 2155 ut
556 2098 721 2156 facile
750 2099 1041 2157 insuescat
1070 2109 1127 2156 te
1158 2117 1359 2156 secum
1389 2098 1603 2173 degere
1633 2098 1827 2155 vitam.

466 2189 629 2263 quod
658 2199 939 2264 superest,
971 2188 1339 2247 consuetudo
1369 2190 1687 2246 concinnat
1716 2206 1978 2247 amorem
2000 2208 2018 2260 3

465 2298 602 2336 narn
630 2280 829 2337 leviter
856 2281 1119 2353 quamvis
1148 2278 1313 2354 quod
1343 2280 1548 2337 crebro
1578 2278 1840 2337 tunditur
1868 2279 2010 2349 ictu,

466 2369 714 2427 vincitur
742 2371 800 2427 in
829 2371 1007 2445 longo
1037 2372 1225 2445 spatio
1256 2383 1453 2427 tamen
1483 2381 1659 2443 atque
1687 2369 1946 2427 labascit.
2163 2374 2276 2437 1285

466 2479 664 2518 nonne
693 2460 855 2518 vides
885 2462 1059 2518 etiam
1088 2471 1279 2535 guttas
1310 2461 1368 2517 in
1399 2479 1538 2518 saxa
1567 2459 1830 2518 cadentis

467 2552 682 2609 umoris
708 2552 887 2627 longo
916 2552 976 2609 in
1004 2552 1193 2627 spatio
1221 2551 1576 2627 pertundere
1606 2552 1786 2609 saxa?

2709 3945 2732 3962 „fi
