2784 3992
475 302 604 367 214
1149 300 1613 359 LucREr1Us
2151 302 2287 377 [vl.

470 467 830 542 corporibus,
859 475 1058 525 tamen
1086 467 1325 524 alituum
1354 484 1540 541 genus
1568 474 1746 541 atque
1776 466 2023 523 ferarum

468 569 568 616 aut
595 559 799 633 procul
827 558 1144 633 apsiliebat‚
1175 566 1238 614 ut
1265 574 1461 615 acrem
1489 556 1708 614 exeiret
1736 556 2000 627 odorem,

467 658 584 720 aut,
615 650 712 707 ubi
740 658 1010 724 gustarat,
1040 648 1350 722 languebat
1377 658 1564 705 morte
1594 648 1941 722 propinqua.

467 758 578 797 nec
608 750 804 798 tamen
833 739 1076 797 omnino
1105 748 1326 795 temere
1355 738 1463 796 illis
1492 738 1710 796 solibus
1740 738 1852 795 ulla

465 830 844 905 comparebat
870 831 1010 901 avi5‚
1041 848 1152 887 nec
1181 829 1362 887 tristia
1391 830 1585 887 saecla
1612 830 1860 886 ferarum
2154 849 2284 885 1220

463 921 737 979 exeibant
764 920 935 979 silvis.
968 920 1319 995 languebant
1347 920 1623 994 pleraque
1654 919 1863 977 morbo

463 1022 522 1069 et
550 1012 960 1070 moriebantur.
992 1029 1128 1068 cum
1157 1011 1356 1085 primis
1384 1009 1505 1068 fida
1532 1028 1746 1068 canum
1773 1010 1857 1067 vis

461 1112 637 1161 strata
663 1103 768 1161 viis
797 1102 1051 1160 animam
1079 1102 1339 1177 ponebat
1367 1102 1428 1158 in
1457 1100 1730 1159 omnibus
1758 1118 1931 1175 aegre
1952 1120 1971 1173 3

461 1194 844 1268 extorquebat
872 1194 1030 1251 enim
1049 1193 1237 1273 ¹vitam
1265 1192 1348 1249 vis
1382 1191 1654 1250 morbida
1682 1191 1973 1249 membris
2043 1188 2056 1197 ’

467 1282 836 1361 [incomitata
862 1284 986 1358 rapi
1015 1284 1318 1341 certabant
1346 1283 1550 1339 funera
1576 1280 1790 1359 vasta.]

457 1393 571 1433 nec
599 1376 744 1433 ratio
772 1374 996 1432 remedi
1025 1372 1354 1431 communis
1383 1382 1544 1430 certa
1572 1371 1820 1430 dabatur
1840 1394 1857 1445 3
2146 1391 2274 1446 1225

458 1483 595 1523 nam
625 1465 788 1539 quod
817 1466 893 1522 ali
923 1463 1168 1521 dederat
1199 1463 1384 1521 vitalis
1415 1462 1561 1520 aetis
1590 1480 1757 1520 auras

455 1557 684 1613 volvere
712 1556 773 1613 in
803 1573 904 1613 ore
933 1555 1106 1613 licere
1137 1565 1198 1612 et
1224 1554 1372 1612 caeli
1398 1553 1619 1628 templa
1645 1554 1811 1624 tueri,

456 1646 571 1703 hoc
600 1646 721 1704 aliis
751 1655 872 1704 erat
899 1646 1077 1703 exitio
1104 1645 1403 1719 letumque
1432 1644 1709 1719 parabata

453 1736 594 1793 illud
623 1737 683 1794 in
713 1737 800 1794 his
829 1737 1001 1795 rebus
1030 1735 1427 1794 miserandum
1458 1742 1813 1810 magnopere
1843 1752 2025 1792 unum

454 1828 846 1885 aerumnabile
875 1837 1014 1897 erat,
1045 1826 1207 1902 quod
1238 1826 1336 1884 ubi
1365 1844 1429 1884 se
1458 1826 1706 1901 quisque
1734 1824 1971 1884 videbat
2139 1847 2271 1899 1230

452 1919 798 1993 implicitum
826 1918 1054 1989 morbO,
1085 1918 1257 1975 morti
1286 1916 1595 1975 damnatus
1624 1926 1689 1975 ut
1718 1927 1889 1986 esset,

453 2008 733 2066 deficiens
755 2009 952 2066 animo
984 2017 1207 2065 maesto
1236 2026 1370 2065 cum
1402 2007 1584 2065 corde
1614 2008 1860 2078 iacebat,

452 2100 654 2156 funera
679 2108 1014 2173 respectans
1043 2098 1299 2156 animam
1329 2098 1634 2156 amittebat
1662 2097 1901 2156 ibidem.

449 2190 669 2265 quippe
699 2189 916 2247 etenim
945 2189 1104 2246 nullo
1134 2189 1440 2246 cessabant
1469 2198 1735 2263 tempore
1764 2188 1948 2263 apisci
2136 2207 2262 2262 1235

450 2298 523 2337 ex
551 2281 672 2337 aliis
701 2280 842 2337 alios
871 2278 1022 2336 avidi
1055 2280 1324 2353 contagia
1352 2279 1561 2349 morbi,

448 2371 728 2445 lanigeras
758 2380 1056 2444 tamquam
1086 2368 1346 2444 pecudes
1376 2379 1437 2427 et
1464 2370 1683 2427 bucera
1710 2370 1918 2428 saecla.

447 2461 626 2535 idque
656 2462 746 2518 vel
774 2462 832 2518 in
859 2461 1058 2536 primis
1087 2460 1421 2518 cumulabat
1449 2460 1649 2517 funere
1679 2460 1867 2518 funuS.

447 2570 580 2608 nam
613 2552 970 2626 quicumque
999 2568 1134 2609 suos
1163 2551 1484 2625 fugitabant
1511 2551 1692 2609 visere
1721 2550 1799 2608 ad
1828 2568 2049 2625 aegrOS,

446 2645 580 2701 vitai
609 2644 852 2702 nimium
881 2642 1129 2719 cupidos
1157 2632 1475 2717 mortisque
1505 2644 1761 2702 timentis
2132 2664 2261 2715 1240

446 2735 724 2809 poenibat
750 2735 925 2810 paulo
954 2745 1086 2809 post
1115 2734 1266 2808 turpi
1295 2744 1481 2791 morte
1510 2734 1799 2809 malaque,

446 2825 725 2896 desertOS,
754 2826 882 2901 opis
912 2827 1178 2899 expertis,
1207 2825 1429 2881 incuria
1456 2834 1731 2883 mactans,

446 2916 547 2990 qui
578 2915 800 2972 fuerant
826 2925 1020 2973 autem
1050 2925 1298 2990 praest0,
1329 2916 1673 2989 contagibus
1699 2916 1861 2973 ibant

445 3015 621 3079 atque
637 3005 863 3075 labore,
895 3004 1086 3081 pudor
1114 3022 1291 3079 quem
1320 3014 1445 3062 tum
1475 3006 1725 3079 cogebat
1752 3005 1914 3063 obire

443 3095 775 3170 blandaque
804 3096 1084 3153 lassorum
1110 3114 1225 3153 vox
1253 3096 1435 3153 mixta
1461 3114 1609 3153 voce
1640 3096 1946 3170 querellae.
2128 3114 2259 3170 ¹245

444 3187 699 3261 optimus
729 3187 843 3244 hoc
871 3187 970 3244 leti
996 3204 1180 3261 genus
1210 3204 1349 3261 ergo
1378 3186 1626 3261 quisque
1656 3186 1903 3245 subibat.

442 3368 620 3442 inque
649 3367 773 3425 aliis
801 3367 995 3439 alium,
1027 3367 1310 3442 populum
1340 3366 1587 3441 sepelire
1615 3384 1853 3425 suorum

443 3468 730 3517 certantes
755 3480 766 3517 :
811 3458 1059 3515 lacrimis
1086 3457 1217 3515 lassi
1246 3457 1523 3532 luctuque
1550 3456 1820 3515 redibant
1838 3477 1857 3530 3
