2784 3992
86 3710 226 3879 Ἀ

443 304 529 381 84
962 348 969 355 .
1112 315 1576 369 LUCRETIUS
2101 315 2250 387 [111.

440 487 616 553 atque
645 478 740 536 alii
768 496 971 537 sensus
1000 479 1100 553 qui
1128 479 1304 536 vitam
1336 497 1593 555 cumque
1621 480 1965 556 gubernant,
2156 500 2255 554 550

364 634 371 641 ,
440 579 500 628 et
527 569 701 627 veluti
730 588 935 627 manus
963 580 1140 645 atque
1170 570 1375 627 oculus
1407 589 1646 639 naresve
1675 590 1938 630 seorsum

440 671 665 718 secreta
690 660 766 719 ab
794 660 964 719 nobis
993 671 1294 735 nequeunt
1323 662 1533 719 sentire
1563 680 1756 737 neque
1786 680 1933 734 esse,

440 750 546 809 sed
575 761 771 809 tamen
800 752 860 809 in
888 769 1067 827 parvo
1096 752 1345 809 licuntur
1374 763 1638 827 tempore
1667 753 1820 824 tabe,

440 842 523 900 sic
552 843 778 899 animus
807 860 913 918 per
940 859 1002 899 se
1031 860 1153 900 non
1183 844 1309 917 quit
1337 844 1464 901 sine
1494 861 1740 918 corpore
1769 853 1828 901 et
1856 844 1987 918 ipso
2019 912 2022 915 ⁴

440 950 568 991 esse
598 932 855 1004 homine,
886 933 1033 992 illins
1062 934 1225 1007 quasi
1254 933 1419 1009 quod
1448 952 1548 992 vas
1577 952 1705 991 esse
1733 934 1962 992 videtur
2159 952 2254 1008 555

439 1024 559 1081 sive
587 1022 746 1081 aliud
774 1024 917 1098 quid
946 1026 1030 1082 vis
1058 1025 1251 1099 potius
1282 1024 1652 1082 coniunctius
1681 1025 1736 1081 ei

438 1114 682 1188 fingere,
714 1114 1198 1189 quandoquidem
1227 1132 1460 1173 conexu
1489 1133 1701 1190 corpus
1729 1114 2026 1174 adhaeret.

523 1205 795 1279 Denique
826 1206 1083 1280 corporis
1112 1213 1289 1280 atque
1317 1206 1498 1263 animi
1525 1206 1714 1263 vivata
1739 1215 2001 1281 potestas

439 1296 592 1353 inter
618 1314 679 1353 se
708 1294 1026 1354 coniuncta
1053 1295 1246 1354 valent
1272 1296 1508 1370 vitaque
1537 1296 1800 1353 fruuntur
1819 1317 1838 1368 ς

440 1404 553 1444 nec
581 1387 704 1445 sine
734 1404 980 1461 corpore
1010 1387 1166 1444 enim
1194 1386 1375 1445 vitalis
1407 1385 1585 1467 edere
1614 1397 1810 1459 motus
2157 1392 2257 1458 560

440 1477 564 1535 sola
589 1486 784 1552 potest
812 1478 989 1534 animi
1017 1495 1123 1552 per
1150 1495 1214 1535 se
1242 1487 1449 1535 natura
1474 1495 1589 1535 nec
1616 1488 1815 1550 autem

441 1586 671 1626 cassum
700 1568 895 1626 anima
923 1585 1136 1642 corpus
1164 1566 1371 1625 durare
1403 1577 1463 1625 et
1491 1569 1756 1627 sensibus
1783 1569 1887 1628 uti.

440 1659 663 1716 scilicet
691 1658 919 1716 avolsus
948 1658 1238 1716 radicibus
1265 1667 1332 1716 ut
1358 1659 1566 1733 nequit
1593 1660 1770 1717 ullam

440 1748 728 1824 dispicere
757 1749 882 1824 ipse
912 1750 1116 1807 oculus
1143 1768 1267 1807 rem
1295 1767 1560 1808 seorsum
1587 1767 1833 1825 corpore
1863 1760 2010 1824 tot0,

440 1840 524 1897 sic
552 1840 747 1898 anima
773 1850 949 1916 atque
978 1841 1205 1899 animus
1234 1859 1341 1916 per
1366 1858 1432 1900 se
1459 1841 1541 1898 nil
1567 1859 1743 1916 posse
1771 1842 2018 1901 videtur.
2155 1846 2254 1913 565

438 1930 711 1988 nimirum
740 1932 877 2006 quia
904 1949 1011 2007 per
1035 1950 1214 1989 venas
1242 1941 1302 1989 et
1328 1931 1552 1990 viscera
1579 1932 1823 2005 mixtim,

438 2038 546 2097 per
572 2039 780 2079 nervos
808 2032 984 2097 atque
1012 2040 1162 2094 ossa,
1193 2032 1467 2081 tenentur
1494 2040 1741 2098 corpore
1771 2024 1846 2082 ab
1875 2023 2038 2081 omni

437 2129 553 2169 nec
581 2113 805 2188 magnis
834 2113 1139 2171 intervallis
1168 2112 1486 2188 primordia
1512 2124 1760 2188 possunt

436 2205 617 2262 libera
644 2203 964 2275 dissultare,
995 2203 1133 2263 ideo
1161 2204 1443 2262 conclusa
1468 2214 1776 2263 moventur

437 2289 745 2353 sensiferos
773 2305 967 2352 motus
996 2312 1145 2369 quos
1174 2304 1336 2353 extra
1362 2313 1576 2370 corpus
1603 2296 1663 2354 in
1693 2314 1859 2354 auras
2154 2312 2252 2367 570

438 2384 585 2443 acris
613 2384 752 2443 haut
779 2395 1023 2461 possunt
1050 2394 1185 2460 post
1211 2394 1462 2443 mortem
1492 2386 1681 2444 eiecta
1707 2386 1930 2445 moveri

438 2485 747 2551 propterea
775 2477 911 2552 quia
937 2494 1058 2534 non
1087 2476 1255 2535 simili
1283 2477 1506 2535 ratione
1534 2486 1822 2535 tenentur.

438 2583 651 2641 corpus
680 2568 836 2624 enim
858 2575 1034 2642 atque
1062 2567 1325 2625 animans
1369 2568 1477 2625 erit
1503 2569 1619 2640 aer,
1649 2568 1697 2626 si
1727 2568 2001 2626 cohibere

436 2674 566 2715 sese
594 2656 789 2714 anima
816 2667 991 2731 atque
1020 2658 1081 2716 in
1109 2676 1183 2717 eo
1212 2658 1428 2734 poterit
1457 2658 1810 2717 concludere
1840 2670 2032 2718 motus

438 2765 587 2822 quos
615 2756 750 2805 ante
778 2750 840 2805 in
866 2749 1055 2806 nervis
1083 2759 1141 2806 et
1170 2749 1231 2807 in
1259 2750 1389 2824 ipso
1418 2768 1666 2825 corpore
1697 2751 1922 2826 agebat.
2151 2769 2246 2823 575

437 2838 578 2913 quin
606 2838 780 2896 etiam
808 2838 938 2895 finis
967 2838 1109 2897 dum
1135 2840 1286 2898 vitae
1314 2840 1553 2898 vertitur
1579 2841 1744 2913 intra,

437 2946 613 3005 saepe
642 2928 833 3004 aliqua
863 2939 1062 2988 tamen
1092 2949 1125 2987 e
1155 2949 1331 2988 causa
1358 2930 1641 2989 labefacta
1659 2932 1897 2990 'videtur

357 3058 360 3061 -
434 3020 517 3079 ire
545 3019 741 3079 anima
767 3039 835 3078 ac
864 3030 991 3078 toto
1021 3021 1167 3079 solui
1196 3021 1284 3081 de.
1302 3040 1548 3097 corpore
1577 3022 1722 3081 velle

436 3119 497 3170 et
523 3110 689 3187 quasi
717 3129 990 3186 supremo
1018 3113 1392 3187 languescere
1421 3122 1687 3189 tempore
1716 3114 1904 3172 voltus

435 3201 747 3277 molliaque
776 3203 1053 3278 exsangui
1082 3214 1289 3261 trunco
1317 3203 1530 3262 cadere
1559 3205 1759 3262 omnia
1787 3206 2065 3264 membra.
2147 3212 2245 3276 580

434 3291 601 3369 quod
627 3310 812 3369 genus
840 3303 945 3365 est,
976 3294 1173 3352 animo
1202 3295 1352 3352 male
1381 3296 1600 3354 factum
1628 3314 1760 3352 cum
1792 3296 2127 3370 perhibetur

435 3392 537 3442 aut
562 3384 817 3442 animam
843 3385 1077 3459 liquisse
1100 3406 1117 3457 3
1160 3386 1260 3443 ubi
1287 3386 1405 3443 iam
1433 3384 1752 3461 trepidatur
1779 3395 1838 3443 et
1866 3403 2072 3443 omnes

438 3483 764 3532 extremum
792 3476 1036 3550 cupiunt
1062 3476 1211 3533 vitae
1240 3474 1705 3550 repraehendere
1731 3476 2005 3535 vinclum.

438 3574 856 3639 conquassatur
884 3566 1038 3624 enim
1067 3575 1191 3623 tum
1220 3584 1385 3625 mens
1413 3566 1760 3641 animaeque
1788 3575 2046 3641 potestas
