2784 3992
453 293 532 342 22
1126 291 1589 346 LUCRETms
2182 291 2261 361 [1.

450 453 529 511 nil
557 461 756 512 tamen
784 451 901 511 hoc
929 453 1198 511 habuisse
1218 453 1343 511 viro
1371 452 1719 528 praeclarius
1749 452 1807 509 in
1836 470 1899 510 se

449 563 562 602 nec
589 553 858 602 sanctum
887 544 1068 618 magis
1095 554 1153 602 et
1181 544 1390 600 mirum
1420 562 1735 617 carumque
1766 542 2006 600 videtur.
2165 561 2262 611 730

449 635 709 692 carmina
735 635 876 709 quin
905 635 1078 692 etiam
1111 634 1287 692 divini
1317 635 1569 710 pectoris
1600 635 1721 691 eius

449 727 834 784 vociferantur
861 734 920 782 et
947 734 1251 799 exponunt
1279 725 1574 800 praeclara
1600 734 1843 798 reperta,

450 827 511 874 ut
540 817 634 874 vix
660 817 918 874 humana
943 815 1210 874 videatur
1237 817 1411 890 stirpe
1440 825 1684 873 creatus,

531 909 651 965 Hic
681 917 877 966 tamen
905 917 964 967 et
992 924 1169 982 supra
1197 924 1346 980 quos
1375 905 1626 964 diximus
1655 905 1953 963 inferiores

449 999 704 1072 partibus
733 999 959 1074 egregie
989 997 1183 1056 multis
1211 997 1515 1072 multoque
1545 997 1817 1068 minoreS,
2164 1014 2257 1067 735

449 1107 802 1164 quamquam
831 1091 1010 1148 multa
1035 1089 1188 1147 bene
1217 1104 1287 1144 ac
1316 1087 1591 1145 divinitus
1617 1087 1979 1146 invenientes

450 1197 524 1237 ex
550 1179 727 1256 adyto
755 1190 1054 1254 tamquam
1084 1177 1276 1238 cordis
1303 1197 1585 1253 responsa
1612 1177 1831 1236 dedere

449 1271 701 1328 sanctius
731 1281 790 1329 et
815 1271 999 1329 multo
1028 1280 1188 1328 certa
1214 1269 1438 1328 ratione
1469 1269 1652 1344 magis
1681 1287 1859 1343 quam

452 1362 654 1437 Pythia
680 1380 830 1436 quae
859 1360 1072 1437 tripodi
1100 1380 1136 1419 a
1164 1360 1388 1419 Phoebi
1415 1360 1695 1434 lauroque
1725 1359 1998 1433 profatur,
2232 1422 2237 1428 ,

447 1452 744 1528 principiis
773 1462 970 1510 tamen
998 1453 1059 1510 in
1086 1471 1278 1510 rerum
1307 1451 1501 1508 fecere·
1527 1451 1720 1508 ruinas
2164 1468 2259 1516 740

448 1553 506 1600 et
532 1544 776 1618 graviter
803 1544 996 1619 magni
1025 1561 1240 1618 magno
1271 1540 1540 1599 cecidere
1572 1541 1650 1598 ibi
1680 1559 1816 1598 casu
1841 1560 1857 1611 ;

447 1635 698 1709 primum
727 1634 889 1708 quod
919 1643 1112 1691 motus
1142 1642 1421 1708 exempto
1449 1631 1621 1690 rebus
1648 1631 1806 1688 inani

447 1725 823 1796 constituunt,
855 1734 914 1782 et
939 1742 1030 1782 res
1059 1711 1248 1782 mollis
1274 1741 1549 1798 rarasque
1576 1722 1927 1796 relinquont,

445 1815 580 1873 aera
607 1815 789 1873 solem
817 1815 1013 1890 ignem
1043 1825 1219 1872 terras
1248 1813 1518 1872 animalia
1546 1813 1738 1888 frugis,

445 1924 558 1963 nec
587 1914 782 1963 tamen
811 1905 1137 1964 admiscent
1165 1907 1224 1963 in
1253 1924 1458 1962 eorum
1488 1922 1699 1979 corpus
1728 1903 1901 1960 inane
1923 1923 1942 1974 3
2162 1918 2255 1971 745

446 1996 661 2054 deinde
690 1996 853 2070 quod
882 1997 1125 2055 omnino
1155 1996 1332 2052 finem
1361 2014 1483 2054 non
1512 2013 1639 2052 esse
1670 1993 1938 2052 secandis

445 2087 785 2163 corporibus
813 2088 1032 2144 faciunt
1061 2105 1252 2161 neque
1281 2105 1524 2160 pausam
1554 2095 1703 2142 stare
1734 2083 1939 2159 fragori

444 2196 556 2235 nec
586 2195 849 2251 prorsum
877 2177 937 2234 in
965 2178 1135 2235 rebus
1164 2177 1469 2234 minimum
1499 2175 1815 2234 consistere
1846 2174 2164 2250 quicquam
2185 2192 2203 2245 3

445 2287 578 2326 cum
607 2267 908 2336 videamus
937 2266 998 2325 id
1028 2277 1352 2325 extremum
1384 2266 1669 2340 cuiusque
1701 2283 1987 2323 cacumen

444 2377 571 2417 esse
600 2358 761 2434 quod
789 2359 866 2416 ad
895 2349 1096 2416 sensus
1124 2368 1350 2416 nostros
1379 2358 1684 2415 minimum
1716 2359 1843 2414 esse
1871 2355 2114 2426 videtur,
2162 2373 2259 2426 750

444 2450 714 2507 conicere
743 2458 806 2505 ut
833 2449 1021 2524 possis
1050 2467 1124 2506 ex
1152 2449 1286 2521 hoc,
1316 2466 1467 2523 quae
1498 2465 1735 2505 cernere
1764 2466 1885 2504 non
1914 2446 2043 2520 quis

444 2549 767 2598 extremum
796 2539 958 2613 quod
987 2539 1222 2612 habent,
1253 2539 1560 2596 minimum
1589 2538 1905 2596 consistere
1935 2537 1994 2594 in
2024 2537 2147 2594 illis.

445 2631 557 2688 huc
587 2629 819 2687 accedit
845 2631 1003 2700 item,
1035 2630 1312 2704 quoniam
1336 2627 1656 2704 primordia
1681 2646 1873 2685 rerum

444 2721 638 2778 mollia
664 2721 1040 2790 constituunt,
1065 2739 1214 2794 quae
1244 2739 1352 2777 nos
1383 2720 1577 2776 nativa
1605 2719 1871 2776 videmus

444 2830 570 2869 esse
600 2821 658 2868 et
686 2813 910 2869 mortali
939 2830 1076 2868 cum
1105 2828 1348 2885 corpore
1379 2809 1659 2880 fundituS,
1690 2811 1857 2894 Qi
2163 2826 2255 2879 755

444 2902 657 2961 debeat
684 2902 761 2960 ad
791 2903 970 2958 nilum
999 2903 1113 2959 iam
1143 2920 1333 2958 rerum
1363 2919 1592 2958 summa
1619 2900 1827 2958 reverti

444 2993 520 3051 de
549 2994 785 3068 niloque
813 3003 1013 3050 renata
1039 2993 1334 3067 vigescere
1365 2993 1541 3067 copia
1568 3009 1758 3050 rerum
1781 3012 1797 3064 ς

443 3102 692 3158 quorum
721 3093 1028 3156 utrumque
1059 3083 1201 3158 quid
1229 3101 1264 3140 a
1291 3101 1430 3141 vero
1452 3083 1568 3140 iarn
1599 3082 1773 3140 distet
1800 3080 2060 3140 habebis·

443 3173 659 3232 deinde
689 3175 926 3231 inimica
955 3174 1146 3232 modis
1175 3175 1368 3232 multis
1398 3183 1533 3231 sunt
1562 3183 1735 3248 atque
1764 3189 1994 3233 veneno

441 3266 567 3340 ipsa
594 3265 701 3323 sibi
731 3265 879 3322 inter
906 3283 968 3322 se
992 3285 1007 3336 ;
1052 3284 1228 3338 quare
1259 3274 1358 3322 aut
1387 3282 1698 3340 congressa
1725 3263 1998 3339 peribunt
2162 3269 2257 3330 760

442 3365 542 3414 aut
568 3356 648 3414 ita
674 3355 979 3430 diffugient
1007 3364 1070 3411 ut
1099 3365 1449 3430 tempestate
1481 3365 1691 3412 coacta

441 3445 680 3504 fulmina
706 3445 984 3521 diffugere
1015 3454 1186 3520 atque
1217 3445 1414 3502 imbris
1442 3455 1763 3520 ventosque
1789 3443 2074 3503 videmus,

524 3537 798 3612 Denique
826 3546 1099 3611 quattuor
1127 3554 1200 3592 ex
1227 3535 1400 3593 rebus
1430 3536 1476 3592 si
1506 3545 1721 3593 cuncta
1749 3544 2017 3593 creantur
