<?xml version="1.0" encoding="UTF-8"?>
<!DOCTYPE html PUBLIC "-//W3C//DTD XHTML 1.0 Transitional//EN"
    "http://www.w3.org/TR/xhtml1/DTD/xhtml1-transitional.dtd">
<html xmlns="http://www.w3.org/1999/xhtml" xml:lang="en" lang="en">
 <head>
  <title>
</title>
<meta http-equiv="Content-Type" content="text/html;charset=utf-8" />
  <meta name='ocr-system' content='tesseract 3.04.00' />
  <meta name='ocr-capabilities' content='ocr_page ocr_carea ocr_par ocr_line ocrx_word'/>
</head>
<body>
  <div class='ocr_page' id='page_1' title='image "./tlucreticarider06unkngoog_0201.png"; bbox 0 0 2784 3992; ppageno 0'>
   <div class='ocr_carea' id='block_1_1' title="bbox 445 304 1770 375">
    <p class='ocr_par' dir='ltr' id='par_1_1' title="bbox 445 304 1770 375">
     <span class='ocr_line' id='line_1_1' title="bbox 445 304 1770 375; baseline 0 -16"><span class='ocrx_word' id='word_1_1' title='bbox 445 307 548 375; x_wconf 90' lang='lat' dir='ltr'><strong>v.]</strong></span> <span class='ocrx_word' id='word_1_2' title='bbox 914 306 1023 357; x_wconf 87' lang='lat' dir='ltr'><strong>DE</strong></span> <span class='ocrx_word' id='word_1_3' title='bbox 1078 305 1370 358; x_wconf 84' lang='lat' dir='ltr'><strong>RERUM</strong></span> <span class='ocrx_word' id='word_1_4' title='bbox 1427 304 1770 359; x_wconf 79' lang='lat' dir='ltr'><strong>NATURA</strong></span> 
     </span>
    </p>
   </div>
   <div class='ocr_carea' id='block_1_2' title="bbox 440 465 2027 2626">
    <p class='ocr_par' dir='ltr' id='par_1_2' title="bbox 442 465 1777 543">
     <span class='ocr_line' id='line_1_2' title="bbox 442 465 1777 543; baseline 0 -17"><span class='ocrx_word' id='word_1_5' title='bbox 442 487 555 526; x_wconf 92' lang='lat' dir='ltr'><strong>nec</strong></span> <span class='ocrx_word' id='word_1_6' title='bbox 582 466 801 526; x_wconf 84' lang='lat' dir='ltr'><strong>validas</strong></span> <span class='ocrx_word' id='word_1_7' title='bbox 827 467 1055 524; x_wconf 87' lang='lat' dir='ltr'><strong>valeant</strong></span> <span class='ocrx_word' id='word_1_8' title='bbox 1085 467 1211 525; x_wconf 90' lang='lat' dir='ltr'><strong>aevi</strong></span> <span class='ocrx_word' id='word_1_9' title='bbox 1240 465 1571 525; x_wconf 85' lang='lat' dir='ltr'><strong>rescindere</strong></span> <span class='ocrx_word' id='word_1_10' title='bbox 1601 468 1777 543; x_wconf 83' lang='lat' dir='ltr'><strong>legeS,</strong></span> 
     </span>
    </p>

    <p class='ocr_par' dir='ltr' id='par_1_3' title="bbox 441 557 1936 729">
     <span class='ocr_line' id='line_1_3' title="bbox 442 557 1936 633; baseline 0 -17"><span class='ocrx_word' id='word_1_11' title='bbox 442 576 562 633; x_wconf 90' lang='lat' dir='ltr'><strong>quo</strong></span> <span class='ocrx_word' id='word_1_12' title='bbox 591 576 804 633; x_wconf 87' lang='lat' dir='ltr'><strong>genere</strong></span> <span class='ocrx_word' id='word_1_13' title='bbox 838 557 1121 632; x_wconf 75' lang='lat' dir='ltr'><strong>inprimis</strong></span> <span class='ocrx_word' id='word_1_14' title='bbox 1151 558 1329 614; x_wconf 88' lang='lat' dir='ltr'><strong>animi</strong></span> <span class='ocrx_word' id='word_1_15' title='bbox 1358 567 1562 614; x_wconf 91' lang='lat' dir='ltr'><strong>natura</strong></span> <span class='ocrx_word' id='word_1_16' title='bbox 1589 566 1820 632; x_wconf 90' lang='lat' dir='ltr'><strong>reperta</strong></span> <span class='ocrx_word' id='word_1_17' title='bbox 1849 568 1936 616; x_wconf 88' lang='lat' dir='ltr'><strong>est</strong></span> 
     </span>
     <span class='ocr_line' id='line_1_4' title="bbox 441 647 1728 729; baseline 0 -24"><span class='ocrx_word' id='word_1_18' title='bbox 441 649 635 729; x_wconf 90' lang='lat' dir='ltr'><strong>nativo</strong></span> <span class='ocrx_word' id='word_1_19' title='bbox 666 649 918 723; x_wconf 90' lang='lat' dir='ltr'><strong>primum</strong></span> <span class='ocrx_word' id='word_1_20' title='bbox 946 647 1264 705; x_wconf 86' lang='lat' dir='ltr'><strong>consistere</strong></span> <span class='ocrx_word' id='word_1_21' title='bbox 1295 665 1541 721; x_wconf 87' lang='lat' dir='ltr'><strong>corpore</strong></span> <span class='ocrx_word' id='word_1_22' title='bbox 1572 659 1728 705; x_wconf 87' lang='lat' dir='ltr'><strong>creta</strong></span> 
     </span>
    </p>

    <p class='ocr_par' dir='ltr' id='par_1_4' title="bbox 440 738 2027 1810">
     <span class='ocr_line' id='line_1_5' title="bbox 442 738 2027 813; baseline 0 -16"><span class='ocrx_word' id='word_1_23' title='bbox 442 758 554 797; x_wconf 90' lang='lat' dir='ltr'><strong>nec</strong></span> <span class='ocrx_word' id='word_1_24' title='bbox 582 757 757 813; x_wconf 90' lang='lat' dir='ltr'><strong>posse</strong></span> <span class='ocrx_word' id='word_1_25' title='bbox 786 738 1094 796; x_wconf 81' lang='lat' dir='ltr'><strong>incoluinis‘</strong></span> <span class='ocrx_word' id='word_1_26' title='bbox 1123 756 1401 813; x_wconf 88' lang='lat' dir='ltr'><strong>magnum</strong></span> <span class='ocrx_word' id='word_1_27' title='bbox 1433 738 1638 796; x_wconf 91' lang='lat' dir='ltr'><strong>durare</strong></span> <span class='ocrx_word' id='word_1_28' title='bbox 1669 757 1773 813; x_wconf 89' lang='lat' dir='ltr'><strong>per</strong></span> <span class='ocrx_word' id='word_1_29' title='bbox 1800 758 2027 812; x_wconf 90' lang='lat' dir='ltr'><strong>aevom,</strong></span> 
     </span>
     <span class='ocr_line' id='line_1_6' title="bbox 446 829 1971 903; baseline 0 -15"><span class='ocrx_word' id='word_1_30' title='bbox 446 829 553 888; x_wconf 91' lang='lat' dir='ltr'><strong>sed</strong></span> <span class='ocrx_word' id='word_1_31' title='bbox 582 830 888 887; x_wconf 86' lang='lat' dir='ltr'><strong>simulacra</strong></span> <span class='ocrx_word' id='word_1_32' title='bbox 915 829 1101 887; x_wconf 90' lang='lat' dir='ltr'><strong>solere</strong></span> <span class='ocrx_word' id='word_1_33' title='bbox 1132 829 1191 885; x_wconf 92' lang='lat' dir='ltr'><strong>in</strong></span> <span class='ocrx_word' id='word_1_34' title='bbox 1221 829 1442 886; x_wconf 86' lang='lat' dir='ltr'><strong>somnis</strong></span> <span class='ocrx_word' id='word_1_35' title='bbox 1471 830 1662 887; x_wconf 87' lang='lat' dir='ltr'><strong>fallere</strong></span> <span class='ocrx_word' id='word_1_36' title='bbox 1695 842 1971 903; x_wconf 87' lang='lat' dir='ltr'><strong>mentem,</strong></span> 
     </span>
     <span class='ocr_line' id='line_1_7' title="bbox 441 912 1970 997; baseline 0.001 -20"><span class='ocrx_word' id='word_1_37' title='bbox 441 912 680 977; x_wconf 82' lang='lat' dir='ltr'><strong>cernere</strong></span> <span class='ocrx_word' id='word_1_38' title='bbox 709 938 847 977; x_wconf 92' lang='lat' dir='ltr'><strong>cum</strong></span> <span class='ocrx_word' id='word_1_39' title='bbox 877 920 1180 977; x_wconf 90' lang='lat' dir='ltr'><strong>videamur</strong></span> <span class='ocrx_word' id='word_1_40' title='bbox 1209 938 1345 976; x_wconf 85' lang='lat' dir='ltr'><strong>eum</strong></span> <span class='ocrx_word' id='word_1_41' title='bbox 1374 938 1552 993; x_wconf 90' lang='lat' dir='ltr'><strong>quem</strong></span> <span class='ocrx_word' id='word_1_42' title='bbox 1581 920 1697 978; x_wconf 89' lang='lat' dir='ltr'><strong>vita</strong></span> <span class='ocrx_word' id='word_1_43' title='bbox 1723 922 1970 997; x_wconf 88' lang='lat' dir='ltr'><strong>reliquit,</strong></span> 
     </span>
     <span class='ocr_line' id='line_1_8' title="bbox 442 1006 1946 1085; baseline 0.001 -17"><span class='ocrx_word' id='word_1_44' title='bbox 442 1010 603 1085; x_wconf 93' lang='lat' dir='ltr'><strong>quod</strong></span> <span class='ocrx_word' id='word_1_45' title='bbox 633 1015 911 1085; x_wconf 74' lang='lat' dir='ltr'><strong>superest,</strong></span> <span class='ocrx_word' id='word_1_46' title='bbox 943 1028 1101 1067; x_wconf 90' lang='lat' dir='ltr'><strong>nunc</strong></span> <span class='ocrx_word' id='word_1_47' title='bbox 1131 1010 1249 1066; x_wconf 90' lang='lat' dir='ltr'><strong>huc</strong></span> <span class='ocrx_word' id='word_1_48' title='bbox 1276 1010 1514 1068; x_wconf 90' lang='lat' dir='ltr'><strong>rationis</strong></span> <span class='ocrx_word' id='word_1_49' title='bbox 1544 1006 1750 1068; x_wconf 83' lang='lat' dir='ltr'><strong>detulit</strong></span> <span class='ocrx_word' id='word_1_50' title='bbox 1777 1012 1946 1084; x_wconf 87' lang='lat' dir='ltr'><strong>ord0‚</strong></span> 
     </span>
     <span class='ocr_line' id='line_1_9' title="bbox 441 1100 1872 1175; baseline 0.001 -16"><span class='ocrx_word' id='word_1_51' title='bbox 441 1111 505 1159; x_wconf 91' lang='lat' dir='ltr'><strong>ut</strong></span> <span class='ocrx_word' id='word_1_52' title='bbox 535 1101 675 1158; x_wconf 88' lang='lat' dir='ltr'><strong>mihi</strong></span> <span class='ocrx_word' id='word_1_53' title='bbox 706 1101 931 1158; x_wconf 84' lang='lat' dir='ltr'>mortali</span> <span class='ocrx_word' id='word_1_54' title='bbox 961 1100 1277 1158; x_wconf 86' lang='lat' dir='ltr'><strong>consistere</strong></span> <span class='ocrx_word' id='word_1_55' title='bbox 1308 1119 1554 1175; x_wconf 89' lang='lat' dir='ltr'><strong>corpore</strong></span> <span class='ocrx_word' id='word_1_56' title='bbox 1584 1102 1872 1160; x_wconf 90' lang='lat' dir='ltr'><strong>mundum</strong></span> 
     </span>
     <span class='ocr_line' id='line_1_10' title="bbox 440 1190 1963 1265; baseline 0.002 -16"><span class='ocrx_word' id='word_1_57' title='bbox 440 1191 819 1265; x_wconf 89' lang='lat' dir='ltr'><strong>nativomque</strong></span> <span class='ocrx_word' id='word_1_58' title='bbox 850 1190 1020 1249; x_wconf 89' lang='lat' dir='ltr'><strong>simul</strong></span> <span class='ocrx_word' id='word_1_59' title='bbox 1049 1191 1195 1248; x_wconf 90' lang='lat' dir='ltr'><strong>ratio</strong></span> <span class='ocrx_word' id='word_1_60' title='bbox 1224 1190 1539 1249; x_wconf 85' lang='lat' dir='ltr'><strong>reddunda</strong></span> <span class='ocrx_word' id='word_1_61' title='bbox 1567 1192 1638 1250; x_wconf 90' lang='lat' dir='ltr'><strong>sit</strong></span> <span class='ocrx_word' id='word_1_62' title='bbox 1667 1211 1793 1251; x_wconf 91' lang='lat' dir='ltr'><strong>esse</strong></span> <span class='ocrx_word' id='word_1_63' title='bbox 1816 1214 1833 1265; x_wconf 99' lang='lat'>3</span> <span class='ocrx_word' id='word_1_64' title='bbox 1947 1230 1963 1252; x_wconf 46' lang='lat' dir='ltr'>x</span> 
     </span>
     <span class='ocr_line' id='line_1_11' title="bbox 442 1281 1751 1357; baseline 0.001 -18"><span class='ocrx_word' id='word_1_65' title='bbox 442 1291 501 1339; x_wconf 92' lang='lat' dir='ltr'><strong>et</strong></span> <span class='ocrx_word' id='word_1_66' title='bbox 528 1282 739 1356; x_wconf 78' lang='lat' dir='ltr'><strong>quibus</strong></span> <span class='ocrx_word' id='word_1_67' title='bbox 768 1282 860 1339; x_wconf 92' lang='lat' dir='ltr'><strong>ille</strong></span> <span class='ocrx_word' id='word_1_68' title='bbox 892 1281 1083 1339; x_wconf 90' lang='lat' dir='ltr'><strong>modis</strong></span> <span class='ocrx_word' id='word_1_69' title='bbox 1112 1299 1458 1357; x_wconf 87' lang='lat' dir='ltr'><strong>congressus</strong></span> <span class='ocrx_word' id='word_1_70' title='bbox 1491 1284 1751 1341; x_wconf 90' lang='lat' dir='ltr'><strong>materiai</strong></span> 
     </span>
     <span class='ocr_line' id='line_1_12' title="bbox 442 1372 1816 1432; baseline 0.001 -3"><span class='ocrx_word' id='word_1_71' title='bbox 442 1372 695 1430; x_wconf 89' lang='lat' dir='ltr'><strong>fundarit</strong></span> <span class='ocrx_word' id='word_1_72' title='bbox 724 1382 934 1429; x_wconf 90' lang='lat' dir='ltr'><strong>terram</strong></span> <span class='ocrx_word' id='word_1_73' title='bbox 964 1373 1191 1430; x_wconf 90' lang='lat' dir='ltr'><strong>caelum</strong></span> <span class='ocrx_word' id='word_1_74' title='bbox 1222 1391 1380 1430; x_wconf 89' lang='lat' dir='ltr'><strong>mare</strong></span> <span class='ocrx_word' id='word_1_75' title='bbox 1412 1372 1604 1431; x_wconf 91' lang='lat' dir='ltr'><strong>sidera</strong></span> <span class='ocrx_word' id='word_1_76' title='bbox 1632 1374 1816 1432; x_wconf 91' lang='lat' dir='ltr'><strong>solem</strong></span> 
     </span>
     <span class='ocr_line' id='line_1_13' title="bbox 441 1462 1963 1543; baseline 0.001 -23"><span class='ocrx_word' id='word_1_77' title='bbox 441 1463 714 1537; x_wconf 89' lang='lat' dir='ltr'><strong>lunaique</strong></span> <span class='ocrx_word' id='word_1_78' title='bbox 744 1462 982 1543; x_wconf 89' lang='lat' dir='ltr'><strong>globum</strong></span> <span class='ocrx_word' id='word_1_79' title='bbox 1007 1484 1024 1535; x_wconf 93' lang='lat'>3</span> <span class='ocrx_word' id='word_1_80' title='bbox 1070 1470 1194 1520; x_wconf 89' lang='lat' dir='ltr'><strong>tum</strong></span> <span class='ocrx_word' id='word_1_81' title='bbox 1224 1482 1375 1537; x_wconf 90' lang='lat' dir='ltr'><strong>quae</strong></span> <span class='ocrx_word' id='word_1_82' title='bbox 1408 1463 1607 1521; x_wconf 87' lang='lat' dir='ltr'><strong>tellure</strong></span> <span class='ocrx_word' id='word_1_83' title='bbox 1637 1462 1963 1523; x_wconf 70' lang='lat' dir='ltr'><strong>animantes</strong></span> 
     </span>
     <span class='ocr_line' id='line_1_14' title="bbox 442 1553 1880 1634; baseline 0.001 -23"><span class='ocrx_word' id='word_1_84' title='bbox 442 1554 750 1634; x_wconf 82' lang='lat' dir='ltr'><strong>extiterint,</strong></span> <span class='ocrx_word' id='word_1_85' title='bbox 782 1563 841 1611; x_wconf 91' lang='lat' dir='ltr'><strong>et</strong></span> <span class='ocrx_word' id='word_1_86' title='bbox 869 1572 1019 1628; x_wconf 89' lang='lat' dir='ltr'><strong>quae</strong></span> <span class='ocrx_word' id='word_1_87' title='bbox 1049 1553 1207 1612; x_wconf 91' lang='lat' dir='ltr'><strong>nullo</strong></span> <span class='ocrx_word' id='word_1_88' title='bbox 1236 1555 1351 1611; x_wconf 88' lang='lat' dir='ltr'><strong>sint</strong></span> <span class='ocrx_word' id='word_1_89' title='bbox 1378 1565 1642 1630; x_wconf 86' lang='lat' dir='ltr'><strong>tempore</strong></span> <span class='ocrx_word' id='word_1_90' title='bbox 1674 1564 1840 1613; x_wconf 87' lang='lat' dir='ltr'><strong>natae</strong></span> <span class='ocrx_word' id='word_1_91' title='bbox 1863 1576 1880 1627; x_wconf 93' lang='lat'>3</span> 
     </span>
     <span class='ocr_line' id='line_1_15' title="bbox 442 1644 1980 1721; baseline 0.003 -21"><span class='ocrx_word' id='word_1_92' title='bbox 442 1663 633 1719; x_wconf 88' lang='lat' dir='ltr'><strong>quove</strong></span> <span class='ocrx_word' id='word_1_93' title='bbox 664 1644 846 1702; x_wconf 90' lang='lat' dir='ltr'><strong>modo</strong></span> <span class='ocrx_word' id='word_1_94' title='bbox 876 1662 1061 1719; x_wconf 88' lang='lat' dir='ltr'><strong>genus</strong></span> <span class='ocrx_word' id='word_1_95' title='bbox 1090 1644 1414 1702; x_wconf 85' lang='lat' dir='ltr'><strong>humanum</strong></span> <span class='ocrx_word' id='word_1_96' title='bbox 1443 1646 1696 1703; x_wconf 86' lang='lat' dir='ltr'><strong>variante</strong></span> <span class='ocrx_word' id='word_1_97' title='bbox 1726 1646 1980 1721; x_wconf 90' lang='lat' dir='ltr'><strong>loquella</strong></span> 
     </span>
     <span class='ocr_line' id='line_1_16' title="bbox 442 1735 1822 1810; baseline 0.001 -19"><span class='ocrx_word' id='word_1_98' title='bbox 442 1735 703 1810; x_wconf 91' lang='lat' dir='ltr'><strong>coeperit</strong></span> <span class='ocrx_word' id='word_1_99' title='bbox 733 1735 881 1792; x_wconf 89' lang='lat' dir='ltr'><strong>inter</strong></span> <span class='ocrx_word' id='word_1_100' title='bbox 908 1754 971 1792; x_wconf 88' lang='lat' dir='ltr'><strong>se</strong></span> <span class='ocrx_word' id='word_1_101' title='bbox 1001 1735 1157 1793; x_wconf 91' lang='lat' dir='ltr'><strong>vesci</strong></span> <span class='ocrx_word' id='word_1_102' title='bbox 1187 1753 1293 1809; x_wconf 91' lang='lat' dir='ltr'><strong>per</strong></span> <span class='ocrx_word' id='word_1_103' title='bbox 1321 1736 1562 1793; x_wconf 88' lang='lat' dir='ltr'><strong>nomina</strong></span> <span class='ocrx_word' id='word_1_104' title='bbox 1590 1754 1782 1793; x_wconf 91' lang='lat' dir='ltr'><strong>rerum</strong></span> <span class='ocrx_word' id='word_1_105' title='bbox 1805 1758 1822 1809; x_wconf 93' lang='lat'>3</span> 
     </span>
    </p>

    <p class='ocr_par' dir='ltr' id='par_1_5' title="bbox 442 1824 1861 2263">
     <span class='ocr_line' id='line_1_17' title="bbox 442 1824 1861 1900; baseline 0.001 -17"><span class='ocrx_word' id='word_1_106' title='bbox 442 1836 501 1883; x_wconf 92' lang='lat' dir='ltr'><strong>et</strong></span> <span class='ocrx_word' id='word_1_107' title='bbox 532 1826 741 1900; x_wconf 92' lang='lat' dir='ltr'><strong>quibus</strong></span> <span class='ocrx_word' id='word_1_108' title='bbox 771 1825 862 1882; x_wconf 92' lang='lat' dir='ltr'><strong>ille</strong></span> <span class='ocrx_word' id='word_1_109' title='bbox 893 1825 1084 1884; x_wconf 87' lang='lat' dir='ltr'><strong>modis</strong></span> <span class='ocrx_word' id='word_1_110' title='bbox 1114 1824 1313 1883; x_wconf 89' lang='lat' dir='ltr'><strong>divom</strong></span> <span class='ocrx_word' id='word_1_111' title='bbox 1344 1836 1533 1883; x_wconf 89' lang='lat' dir='ltr'><strong>metus</strong></span> <span class='ocrx_word' id='word_1_112' title='bbox 1562 1827 1861 1885; x_wconf 87' lang='lat' dir='ltr'><strong>insinuarit</strong></span> 
     </span>
     <span class='ocr_line' id='line_1_18' title="bbox 442 1916 1832 1991; baseline 0 -18"><span class='ocrx_word' id='word_1_113' title='bbox 442 1926 699 1991; x_wconf 87' lang='lat' dir='ltr'><strong>pectora,</strong></span> <span class='ocrx_word' id='word_1_114' title='bbox 731 1926 1007 1973; x_wconf 88' lang='lat' dir='ltr'><strong>terrarum</strong></span> <span class='ocrx_word' id='word_1_115' title='bbox 1035 1916 1137 1991; x_wconf 89' lang='lat' dir='ltr'><strong>qui</strong></span> <span class='ocrx_word' id='word_1_116' title='bbox 1165 1916 1223 1973; x_wconf 91' lang='lat' dir='ltr'><strong>in</strong></span> <span class='ocrx_word' id='word_1_117' title='bbox 1254 1916 1379 1974; x_wconf 93' lang='lat' dir='ltr'><strong>orbi</strong></span> <span class='ocrx_word' id='word_1_118' title='bbox 1409 1926 1610 1973; x_wconf 88' lang='lat' dir='ltr'><strong>sancta</strong></span> <span class='ocrx_word' id='word_1_119' title='bbox 1638 1926 1832 1973; x_wconf 88' lang='lat' dir='ltr'><strong>tuetur</strong></span> 
     </span>
     <span class='ocr_line' id='line_1_19' title="bbox 442 1992 1812 2081; baseline 0.001 -17"><span class='ocrx_word' id='word_1_120' title='bbox 442 2007 575 2064; x_wconf 89' lang='lat' dir='ltr'><strong>fana</strong></span> <span class='ocrx_word' id='word_1_121' title='bbox 601 2007 762 2063; x_wconf 90' lang='lat' dir='ltr'><strong>lacus</strong></span> <span class='ocrx_word' id='word_1_122' title='bbox 791 2007 956 2080; x_wconf 89' lang='lat' dir='ltr'><strong>lucos</strong></span> <span class='ocrx_word' id='word_1_123' title='bbox 984 2025 1110 2063; x_wconf 87' lang='lat' dir='ltr'><strong>aras</strong></span> <span class='ocrx_word' id='word_1_124' title='bbox 1140 1992 1560 2081; x_wconf 81' lang='lat' dir='ltr'><strong>simulacraque</strong></span> <span class='ocrx_word' id='word_1_125' title='bbox 1593 2006 1812 2065; x_wconf 85' lang='lat' dir='ltr'><strong>divom.</strong></span> 
     </span>
     <span class='ocr_line' id='line_1_20' title="bbox 443 2097 1713 2172; baseline 0.001 -18"><span class='ocrx_word' id='word_1_126' title='bbox 443 2107 746 2172; x_wconf 89' lang='lat' dir='ltr'><strong>praeterea</strong></span> <span class='ocrx_word' id='word_1_127' title='bbox 771 2097 906 2155; x_wconf 91' lang='lat' dir='ltr'><strong>solis</strong></span> <span class='ocrx_word' id='word_1_128' title='bbox 936 2114 1137 2155; x_wconf 89' lang='lat' dir='ltr'><strong>cursus</strong></span> <span class='ocrx_word' id='word_1_129' title='bbox 1164 2097 1453 2171; x_wconf 91' lang='lat' dir='ltr'><strong>lunaeque</strong></span> <span class='ocrx_word' id='word_1_130' title='bbox 1488 2107 1713 2155; x_wconf 90' lang='lat' dir='ltr'><strong>meatus</strong></span> 
     </span>
     <span class='ocr_line' id='line_1_21' title="bbox 443 2178 1840 2263; baseline 0.001 -18"><span class='ocrx_word' id='word_1_131' title='bbox 443 2187 754 2263; x_wconf 86' lang='lat' dir='ltr'><strong>expediam</strong></span> <span class='ocrx_word' id='word_1_132' title='bbox 784 2206 901 2261; x_wconf 89' lang='lat' dir='ltr'><strong>qua</strong></span> <span class='ocrx_word' id='word_1_133' title='bbox 928 2188 984 2245; x_wconf 91' lang='lat' dir='ltr'><strong>vi</strong></span> <span class='ocrx_word' id='word_1_134' title='bbox 1013 2187 1209 2244; x_wconf 89' lang='lat' dir='ltr'><strong>flectat</strong></span> <span class='ocrx_word' id='word_1_135' title='bbox 1237 2198 1442 2245; x_wconf 85' lang='lat' dir='ltr'><strong>natura</strong></span> <span class='ocrx_word' id='word_1_136' title='bbox 1469 2178 1801 2263; x_wconf 85' lang='lat' dir='ltr'><strong>gubernans</strong></span> <span class='ocrx_word' id='word_1_137' title='bbox 1821 2210 1840 2260; x_wconf 92' lang='lat'>3</span> 
     </span>
    </p>

    <p class='ocr_par' dir='ltr' id='par_1_6' title="bbox 440 2278 1946 2626">
     <span class='ocr_line' id='line_1_22' title="bbox 441 2278 1926 2353; baseline 0.001 -18"><span class='ocrx_word' id='word_1_138' title='bbox 441 2297 517 2336; x_wconf 92' lang='lat' dir='ltr'><strong>ne</strong></span> <span class='ocrx_word' id='word_1_139' title='bbox 546 2278 693 2336; x_wconf 89' lang='lat' dir='ltr'><strong>forte</strong></span> <span class='ocrx_word' id='word_1_140' title='bbox 723 2278 869 2335; x_wconf 90' lang='lat' dir='ltr'><strong>haec</strong></span> <span class='ocrx_word' id='word_1_141' title='bbox 899 2278 1048 2336; x_wconf 90' lang='lat' dir='ltr'><strong>inter</strong></span> <span class='ocrx_word' id='word_1_142' title='bbox 1075 2278 1305 2335; x_wconf 89' lang='lat' dir='ltr'><strong>caelum</strong></span> <span class='ocrx_word' id='word_1_143' title='bbox 1334 2288 1665 2353; x_wconf 90' lang='lat' dir='ltr'><strong>terramque</strong></span> <span class='ocrx_word' id='word_1_144' title='bbox 1695 2297 1926 2337; x_wconf 88' lang='lat' dir='ltr'><strong>reamur</strong></span> 
     </span>
     <span class='ocr_line' id='line_1_23' title="bbox 440 2368 1793 2444; baseline 0.001 -18"><span class='ocrx_word' id='word_1_145' title='bbox 440 2369 622 2427; x_wconf 89' lang='lat' dir='ltr'><strong>libera</strong></span> <span class='ocrx_word' id='word_1_146' title='bbox 649 2378 861 2444; x_wconf 91' lang='lat' dir='ltr'><strong>sponte</strong></span> <span class='ocrx_word' id='word_1_147' title='bbox 890 2387 995 2426; x_wconf 89' lang='lat' dir='ltr'><strong>sua</strong></span> <span class='ocrx_word' id='word_1_148' title='bbox 1022 2387 1221 2427; x_wconf 90' lang='lat' dir='ltr'><strong>cursus</strong></span> <span class='ocrx_word' id='word_1_149' title='bbox 1250 2368 1489 2426; x_wconf 89' lang='lat' dir='ltr'><strong>lustrare</strong></span> <span class='ocrx_word' id='word_1_150' title='bbox 1520 2370 1793 2443; x_wconf 91' lang='lat' dir='ltr'><strong>perennis</strong></span> 
     </span>
     <span class='ocr_line' id='line_1_24' title="bbox 442 2458 1946 2535; baseline 0.001 -18"><span class='ocrx_word' id='word_1_151' title='bbox 442 2461 727 2535; x_wconf 88' lang='lat' dir='ltr'><strong>morigera</strong></span> <span class='ocrx_word' id='word_1_152' title='bbox 754 2458 831 2517; x_wconf 91' lang='lat' dir='ltr'><strong>ad</strong></span> <span class='ocrx_word' id='word_1_153' title='bbox 858 2459 1051 2534; x_wconf 88' lang='lat' dir='ltr'><strong>fruges</strong></span> <span class='ocrx_word' id='word_1_154' title='bbox 1079 2458 1377 2533; x_wconf 86' lang='lat' dir='ltr'><strong>augendas</strong></span> <span class='ocrx_word' id='word_1_155' title='bbox 1407 2469 1581 2533; x_wconf 89' lang='lat' dir='ltr'><strong>atque</strong></span> <span class='ocrx_word' id='word_1_156' title='bbox 1618 2459 1946 2533; x_wconf 88' lang='lat' dir='ltr'><strong>animantis,</strong></span> 
     </span>
     <span class='ocr_line' id='line_1_25' title="bbox 441 2549 1789 2626; baseline 0.001 -18"><span class='ocrx_word' id='word_1_157' title='bbox 441 2569 587 2608; x_wconf 91' lang='lat' dir='ltr'><strong>neve</strong></span> <span class='ocrx_word' id='word_1_158' title='bbox 616 2550 810 2624; x_wconf 91' lang='lat' dir='ltr'><strong>aliqua</strong></span> <span class='ocrx_word' id='word_1_159' title='bbox 837 2549 1037 2608; x_wconf 89' lang='lat' dir='ltr'><strong>divom</strong></span> <span class='ocrx_word' id='word_1_160' title='bbox 1066 2549 1216 2607; x_wconf 91' lang='lat' dir='ltr'><strong>volvi</strong></span> <span class='ocrx_word' id='word_1_161' title='bbox 1245 2550 1469 2608; x_wconf 90' lang='lat' dir='ltr'><strong>ratione</strong></span> <span class='ocrx_word' id='word_1_162' title='bbox 1498 2559 1789 2626; x_wconf 81' lang='lat' dir='ltr'><strong>putemus,</strong></span> 
     </span>
    </p>
   </div>
   <div class='ocr_carea' id='block_1_3' title="bbox 441 2635 2113 2715">
    <p class='ocr_par' dir='ltr' id='par_1_7' title="bbox 441 2635 2113 2715">
     <span class='ocr_line' id='line_1_26' title="bbox 441 2635 2113 2715; baseline -0.001 -17"><span class='ocrx_word' id='word_1_163' title='bbox 441 2659 579 2698; x_wconf 89' lang='lat' dir='ltr'><strong>nam</strong></span> <span class='ocrx_word' id='word_1_164' title='bbox 608 2640 758 2698; x_wconf 91' lang='lat' dir='ltr'><strong>bene</strong></span> <span class='ocrx_word' id='word_1_165' title='bbox 789 2640 890 2715; x_wconf 92' lang='lat' dir='ltr'><strong>qui</strong></span> <span class='ocrx_word' id='word_1_166' title='bbox 919 2639 1179 2698; x_wconf 90' lang='lat' dir='ltr'><strong>didicere</strong></span> <span class='ocrx_word' id='word_1_167' title='bbox 1211 2640 1358 2698; x_wconf 89' lang='lat' dir='ltr'><strong>deos</strong></span> <span class='ocrx_word' id='word_1_168' title='bbox 1388 2658 1657 2698; x_wconf 89' lang='lat' dir='ltr'><strong>securum</strong></span> <span class='ocrx_word' id='word_1_169' title='bbox 1687 2659 1857 2715; x_wconf 89' lang='lat' dir='ltr'><strong>agere</strong></span> <span class='ocrx_word' id='word_1_170' title='bbox 1887 2635 2113 2713; x_wconf 84' lang='lat' dir='ltr'><strong>aevom,</strong></span> 
     </span>
    </p>
   </div>
   <div class='ocr_carea' id='block_1_4' title="bbox 441 2730 2002 3440">
    <p class='ocr_par' dir='ltr' id='par_1_8' title="bbox 442 2730 1670 2805">
     <span class='ocr_line' id='line_1_27' title="bbox 442 2730 1670 2805; baseline -0.002 -16"><span class='ocrx_word' id='word_1_171' title='bbox 442 2732 491 2789; x_wconf 89' lang='lat' dir='ltr'><strong>si</strong></span> <span class='ocrx_word' id='word_1_172' title='bbox 518 2740 715 2789; x_wconf 89' lang='lat' dir='ltr'><strong>tamen</strong></span> <span class='ocrx_word' id='word_1_173' title='bbox 746 2731 966 2788; x_wconf 87' lang='lat' dir='ltr'><strong>interea</strong></span> <span class='ocrx_word' id='word_1_174' title='bbox 994 2731 1273 2788; x_wconf 90' lang='lat' dir='ltr'><strong>mirantur</strong></span> <span class='ocrx_word' id='word_1_175' title='bbox 1300 2748 1421 2805; x_wconf 88' lang='lat' dir='ltr'><strong>qua</strong></span> <span class='ocrx_word' id='word_1_176' title='bbox 1447 2730 1670 2789; x_wconf 87' lang='lat' dir='ltr'><strong>ratione</strong></span> 
     </span>
    </p>

    <p class='ocr_par' dir='ltr' id='par_1_9' title="bbox 441 2820 1924 3076">
     <span class='ocr_line' id='line_1_28' title="bbox 441 2820 1922 2897; baseline 0.001 -19"><span class='ocrx_word' id='word_1_177' title='bbox 441 2840 711 2897; x_wconf 90' lang='lat' dir='ltr'><strong>quaeque</strong></span> <span class='ocrx_word' id='word_1_178' title='bbox 739 2822 859 2896; x_wconf 83' lang='lat' dir='ltr'><strong>geri</strong></span> <span class='ocrx_word' id='word_1_179' title='bbox 888 2821 1130 2897; x_wconf 87' lang='lat' dir='ltr'><strong>possint,</strong></span> <span class='ocrx_word' id='word_1_180' title='bbox 1160 2820 1498 2896; x_wconf 90' lang='lat' dir='ltr'><strong>praesertim</strong></span> <span class='ocrx_word' id='word_1_181' title='bbox 1527 2822 1699 2878; x_wconf 89' lang='lat' dir='ltr'><strong>rebus</strong></span> <span class='ocrx_word' id='word_1_182' title='bbox 1727 2821 1786 2878; x_wconf 90' lang='lat' dir='ltr'><strong>in</strong></span> <span class='ocrx_word' id='word_1_183' title='bbox 1815 2822 1922 2879; x_wconf 89' lang='lat' dir='ltr'><strong>illis</strong></span> 
     </span>
     <span class='ocr_line' id='line_1_29' title="bbox 442 2911 1924 2987; baseline 0.001 -18"><span class='ocrx_word' id='word_1_184' title='bbox 442 2931 592 2987; x_wconf 91' lang='lat' dir='ltr'><strong>quae</strong></span> <span class='ocrx_word' id='word_1_185' title='bbox 622 2930 831 2986; x_wconf 91' lang='lat' dir='ltr'><strong>supera</strong></span> <span class='ocrx_word' id='word_1_186' title='bbox 858 2922 1036 2986; x_wconf 92' lang='lat' dir='ltr'><strong>caput</strong></span> <span class='ocrx_word' id='word_1_187' title='bbox 1063 2912 1331 2970; x_wconf 87' lang='lat' dir='ltr'><strong>aetheriis</strong></span> <span class='ocrx_word' id='word_1_188' title='bbox 1361 2922 1675 2968; x_wconf 88' lang='lat' dir='ltr'><strong>cernuntur</strong></span> <span class='ocrx_word' id='word_1_189' title='bbox 1704 2911 1762 2968; x_wconf 91' lang='lat' dir='ltr'><strong>in</strong></span> <span class='ocrx_word' id='word_1_190' title='bbox 1793 2912 1924 2982; x_wconf 84' lang='lat' dir='ltr'><strong>oriS,</strong></span> 
     </span>
     <span class='ocr_line' id='line_1_30' title="bbox 441 3002 1708 3076; baseline 0 -17"><span class='ocrx_word' id='word_1_191' title='bbox 441 3021 632 3060; x_wconf 90' lang='lat' dir='ltr'><strong>rursus</strong></span> <span class='ocrx_word' id='word_1_192' title='bbox 662 3003 717 3059; x_wconf 92' lang='lat' dir='ltr'><strong>in</strong></span> <span class='ocrx_word' id='word_1_193' title='bbox 750 3003 1016 3076; x_wconf 92' lang='lat' dir='ltr'><strong>antiquas</strong></span> <span class='ocrx_word' id='word_1_194' title='bbox 1045 3003 1371 3059; x_wconf 88' lang='lat' dir='ltr'><strong>reseruntur</strong></span> <span class='ocrx_word' id='word_1_195' title='bbox 1399 3002 1708 3076; x_wconf 86' lang='lat' dir='ltr'><strong>religiones</strong></span> 
     </span>
    </p>

    <p class='ocr_par' dir='ltr' id='par_1_10' title="bbox 443 3092 1793 3166">
     <span class='ocr_line' id='line_1_31' title="bbox 443 3092 1793 3166; baseline -0.001 -16"><span class='ocrx_word' id='word_1_196' title='bbox 443 3103 501 3150; x_wconf 91' lang='lat' dir='ltr'><strong>et</strong></span> <span class='ocrx_word' id='word_1_197' title='bbox 528 3092 802 3150; x_wconf 90' lang='lat' dir='ltr'><strong>dominos</strong></span> <span class='ocrx_word' id='word_1_198' title='bbox 830 3093 977 3151; x_wconf 87' lang='lat' dir='ltr'><strong>acris</strong></span> <span class='ocrx_word' id='word_1_199' title='bbox 1007 3092 1360 3163; x_wconf 90' lang='lat' dir='ltr'><strong>adsciscunt,</strong></span> <span class='ocrx_word' id='word_1_200' title='bbox 1390 3093 1592 3149; x_wconf 90' lang='lat' dir='ltr'><strong>omnia</strong></span> <span class='ocrx_word' id='word_1_201' title='bbox 1620 3111 1793 3166; x_wconf 89' lang='lat' dir='ltr'><strong>posse</strong></span> 
     </span>
    </p>

    <p class='ocr_par' dir='ltr' id='par_1_11' title="bbox 441 3182 2002 3440">
     <span class='ocr_line' id='line_1_32' title="bbox 441 3182 1880 3258; baseline -0.001 -17"><span class='ocrx_word' id='word_1_202' title='bbox 441 3190 591 3258; x_wconf 88' lang='lat' dir='ltr'><strong>quos</strong></span> <span class='ocrx_word' id='word_1_203' title='bbox 619 3183 813 3240; x_wconf 91' lang='lat' dir='ltr'><strong>miseri</strong></span> <span class='ocrx_word' id='word_1_204' title='bbox 844 3183 1111 3255; x_wconf 89' lang='lat' dir='ltr'><strong>credunt,</strong></span> <span class='ocrx_word' id='word_1_205' title='bbox 1142 3183 1323 3257; x_wconf 89' lang='lat' dir='ltr'><strong>ignari</strong></span> <span class='ocrx_word' id='word_1_206' title='bbox 1353 3182 1497 3257; x_wconf 90' lang='lat' dir='ltr'><strong>quid</strong></span> <span class='ocrx_word' id='word_1_207' title='bbox 1528 3193 1704 3257; x_wconf 89' lang='lat' dir='ltr'><strong>queat</strong></span> <span class='ocrx_word' id='word_1_208' title='bbox 1735 3202 1880 3254; x_wconf 90' lang='lat' dir='ltr'><strong>esse,</strong></span> 
     </span>
     <span class='ocr_line' id='line_1_33' title="bbox 442 3273 1897 3349; baseline -0.001 -18"><span class='ocrx_word' id='word_1_209' title='bbox 442 3273 587 3349; x_wconf 90' lang='lat' dir='ltr'><strong>quid</strong></span> <span class='ocrx_word' id='word_1_210' title='bbox 615 3284 889 3349; x_wconf 91' lang='lat' dir='ltr'><strong>nequeat,</strong></span> <span class='ocrx_word' id='word_1_211' title='bbox 920 3274 1081 3332; x_wconf 89' lang='lat' dir='ltr'><strong>finita</strong></span> <span class='ocrx_word' id='word_1_212' title='bbox 1109 3283 1367 3349; x_wconf 88' lang='lat' dir='ltr'><strong>potestas</strong></span> <span class='ocrx_word' id='word_1_213' title='bbox 1397 3274 1654 3347; x_wconf 90' lang='lat' dir='ltr'><strong>denique</strong></span> <span class='ocrx_word' id='word_1_214' title='bbox 1685 3274 1897 3349; x_wconf 88' lang='lat' dir='ltr'><strong>cuique</strong></span> 
     </span>
     <span class='ocr_line' id='line_1_34' title="bbox 442 3364 2002 3440; baseline -0.001 -17"><span class='ocrx_word' id='word_1_215' title='bbox 442 3384 699 3440; x_wconf 86' lang='lat' dir='ltr'><strong>quanam</strong></span> <span class='ocrx_word' id='word_1_216' title='bbox 727 3364 799 3422; x_wconf 91' lang='lat' dir='ltr'><strong>sit</strong></span> <span class='ocrx_word' id='word_1_217' title='bbox 826 3365 1050 3422; x_wconf 90' lang='lat' dir='ltr'><strong>ratione</strong></span> <span class='ocrx_word' id='word_1_218' title='bbox 1080 3375 1255 3440; x_wconf 88' lang='lat' dir='ltr'><strong>atque</strong></span> <span class='ocrx_word' id='word_1_219' title='bbox 1284 3366 1399 3422; x_wconf 89' lang='lat' dir='ltr'><strong>alte</strong></span> <span class='ocrx_word' id='word_1_220' title='bbox 1429 3365 1708 3421; x_wconf 89' lang='lat' dir='ltr'><strong>terminus</strong></span> <span class='ocrx_word' id='word_1_221' title='bbox 1740 3364 2002 3423; x_wconf 78' lang='lat' dir='ltr'><strong>haerens,</strong></span> 
     </span>
    </p>
   </div>
   <div class='ocr_carea' id='block_1_5' title="bbox 2141 296 2259 372">
    <p class='ocr_par' dir='ltr' id='par_1_12' title="bbox 2141 296 2259 372">
     <span class='ocr_line' id='line_1_35' title="bbox 2141 296 2259 372; baseline -0.008 0"><span class='ocrx_word' id='word_1_222' title='bbox 2141 296 2259 372; x_wconf 86' lang='lat'><strong>139</strong></span> 
     </span>
    </p>
   </div>
   <div class='ocr_carea' id='block_1_6' title="bbox 2191 658 2257 707">
    <p class='ocr_par' dir='ltr' id='par_1_13' title="bbox 2191 658 2257 707">
     <span class='ocr_line' id='line_1_36' title="bbox 2191 658 2257 707; baseline 0 0"><span class='ocrx_word' id='word_1_223' title='bbox 2191 658 2257 707; x_wconf 92' lang='lat'><strong>60</strong></span> 
     </span>
    </p>
   </div>
   <div class='ocr_carea' id='block_1_7' title="bbox 2197 1576 2262 1622">
    <p class='ocr_par' dir='ltr' id='par_1_14' title="bbox 2197 1576 2262 1622">
     <span class='ocr_line' id='line_1_37' title="bbox 2197 1576 2262 1622; baseline 0 -9"><span class='ocrx_word' id='word_1_224' title='bbox 2197 1576 2262 1622; x_wconf 90' lang='lat'><strong>70</strong></span> 
     </span>
    </p>
   </div>
   <div class='ocr_carea' id='block_1_8' title="bbox 2199 2026 2258 2079">
    <p class='ocr_par' dir='ltr' id='par_1_15' title="bbox 2199 2026 2258 2079">
     <span class='ocr_line' id='line_1_38' title="bbox 2199 2026 2258 2079; baseline 0.102 -6"><span class='ocrx_word' id='word_1_225' title='bbox 2199 2026 2258 2079; x_wconf 86' lang='grc'><strong>75</strong></span> 
     </span>
    </p>
   </div>
   <div class='ocr_carea' id='block_1_9' title="bbox 2193 3384 2258 3435">
    <p class='ocr_par' dir='ltr' id='par_1_16' title="bbox 2193 3384 2258 3435">
     <span class='ocr_line' id='line_1_39' title="bbox 2193 3384 2258 3435; baseline 0 -16"><span class='ocrx_word' id='word_1_226' title='bbox 2193 3384 2258 3435; x_wconf 94' lang='lat'><strong>90</strong></span> 
     </span>
    </p>
   </div>
   <div class='ocr_carea' id='block_1_10' title="bbox 522 3455 2157 3531">
    <p class='ocr_par' dir='ltr' id='par_1_17' title="bbox 522 3455 2157 3531">
     <span class='ocr_line' id='line_1_40' title="bbox 522 3455 2157 3531; baseline -0.002 -17"><span class='ocrx_word' id='word_1_227' title='bbox 522 3455 705 3531; x_wconf 86' lang='lat' dir='ltr'><strong>Quod</strong></span> <span class='ocrx_word' id='word_1_228' title='bbox 733 3466 1013 3531; x_wconf 90' lang='lat' dir='ltr'><strong>superest,</strong></span> <span class='ocrx_word' id='word_1_229' title='bbox 1043 3474 1119 3513; x_wconf 90' lang='lat' dir='ltr'><strong>ne</strong></span> <span class='ocrx_word' id='word_1_230' title='bbox 1148 3465 1206 3513; x_wconf 91' lang='lat' dir='ltr'><strong>te</strong></span> <span class='ocrx_word' id='word_1_231' title='bbox 1237 3456 1296 3514; x_wconf 92' lang='lat' dir='ltr'><strong>in</strong></span> <span class='ocrx_word' id='word_1_232' title='bbox 1325 3455 1624 3531; x_wconf 88' lang='lat' dir='ltr'><strong>promissis</strong></span> <span class='ocrx_word' id='word_1_233' title='bbox 1653 3455 1818 3529; x_wconf 86' lang='lat' dir='ltr'><strong>plura</strong></span> <span class='ocrx_word' id='word_1_234' title='bbox 1847 3472 2157 3525; x_wconf 87' lang='lat' dir='ltr'><strong>moremur,</strong></span> 
     </span>
    </p>
   </div>
   <div class='ocr_carea' id='block_1_11' title="bbox 443 3547 1934 3623">
    <p class='ocr_par' dir='ltr' id='par_1_18' title="bbox 443 3547 1934 3623">
     <span class='ocr_line' id='line_1_41' title="bbox 443 3547 1934 3623; baseline -0.001 -18"><span class='ocrx_word' id='word_1_235' title='bbox 443 3547 733 3623; x_wconf 91' lang='lat' dir='ltr'><strong>principio</strong></span> <span class='ocrx_word' id='word_1_236' title='bbox 760 3547 942 3605; x_wconf 87' lang='lat' dir='ltr'><strong>maria</strong></span> <span class='ocrx_word' id='word_1_237' title='bbox 968 3565 1038 3604; x_wconf 91' lang='lat' dir='ltr'><strong>ac</strong></span> <span class='ocrx_word' id='word_1_238' title='bbox 1067 3556 1246 3604; x_wconf 87' lang='lat' dir='ltr'><strong>terras</strong></span> <span class='ocrx_word' id='word_1_239' title='bbox 1276 3547 1623 3621; x_wconf 88' lang='lat' dir='ltr'><strong>caelumque</strong></span> <span class='ocrx_word' id='word_1_240' title='bbox 1652 3554 1815 3603; x_wconf 88' lang='lat' dir='ltr'><strong>tuere</strong></span> <span class='ocrx_word' id='word_1_241' title='bbox 1836 3566 1854 3617; x_wconf 89' lang='lat'>3</span> <span class='ocrx_word' id='word_1_242' title='bbox 1929 3598 1934 3603; x_wconf 89' lang='lat'><em>.</em></span> 
     </span>
    </p>
   </div>
   <div class='ocr_carea' id='block_1_12' title="bbox 2335 1148 2354 1172">
    <p class='ocr_par' dir='ltr' id='par_1_19' title="bbox 2335 1148 2354 1172">
     <span class='ocr_line' id='line_1_42' title="bbox 2335 1148 2354 1172; baseline 0 0"><span class='ocrx_word' id='word_1_243' title='bbox 2335 1148 2354 1172; x_wconf 80' lang='grc' dir='ltr'><em>Ι</em></span> 
     </span>
    </p>
   </div>
  </div>
 </body>
</html>
