2784 3992
487 314 571 395 98
1174 327 1634 381 LUCRETIUS
2145 326 2288 398 [111.

486 489 721 565 pondus
748 491 938 549 inesse
967 491 1164 549 animo
1193 489 1356 566 quod
1385 508 1448 548 se
1477 490 1752 565 gravitate
1781 490 1998 567 fatiget,

486 592 520 637 e
549 581 760 657 quibus
787 580 849 638 id
877 581 977 639 fiat
1006 582 1191 665 causis
1220 599 1459 656 quoque
1487 599 1729 639 noscere
1760 591 1819 639 et
1846 580 2005 639 unde
2172 600 2259 654 ¹05
2264 600 2292 654 5

485 681 645 730 tanta
671 672 805 729 mali
834 681 1130 747 tamquam
1160 673 1343 730 moles
1369 672 1432 729 in
1459 682 1699 747 pectore
1729 681 1976 745 constet,

486 762 625 820 haut
651 763 732 820 ita
758 763 934 819 vitam
961 772 1218 837 agerent,
1247 771 1311 819 ut
1338 780 1498 820 nunc
1528 762 1874 837 plerumque
1901 761 2170 822 videmus

486 852 628 926 quid
656 853 764 912 sibi
792 853 1038 928 quisque
1068 853 1202 910 velit
1229 852 1454 910 nescire
1485 862 1543 909 et
1572 870 1849 926 quaerere
1879 870 2113 927 semper

486 952 846 1001 commutare
874 943 1070 1001 locum
1102 943 1265 1018 quasi
1296 961 1446 1001 onus
1476 941 1776 1018 deponere
1805 939 2034 1018 possit(

484 1033 602 1090 exit
630 1051 805 1108 saepe
835 1034 985 1091 foras
1015 1033 1238 1107 magnis
1267 1051 1342 1090 ex
1369 1032 1616 1091 aedibus
1644 1032 1756 1105 ille,
2173 1039 2296 1091 1060

483 1140 612 1181 esse
642 1121 805 1182 domi
832 1141 1009 1198 quem
1040 1133 1442 1197 pertaesumst‚
1472 1122 1787 1197 subitoque
1814 1124 2066 1196 revertit,

484 1214 701 1288 quippe
730 1214 866 1271 foris
895 1214 1014 1272 nilo
1042 1214 1247 1273 melius
1276 1214 1377 1289 qui
1406 1213 1617 1272 sentiat
1645 1230 1792 1271 esse.

483 1304 658 1361 currit
686 1321 864 1379 agens
894 1322 1139 1362 mannos
1168 1304 1246 1362 ad
1272 1304 1462 1362 villam
1491 1303 1961 1379 praecipitanter,

482 1394 755 1452 auxilium
784 1395 953 1452 tectis
982 1396 1146 1470 quasi
1175 1396 1319 1453 ferre
1347 1394 1687 1453 ardentibus
1715 1394 1934 1452 instans
1956 1414 1974 1468 3

481 1485 689 1543 oscitat
717 1486 1030 1560 extemplo,
1061 1486 1247 1561 tetigit
1274 1504 1414 1544 cum
1441 1485 1642 1544 limina
1668 1485 1852 1560 villae,
2169 1490 2294 1557 1065

480 1583 580 1632 aut
607 1575 727 1633 abit
754 1576 815 1633 in
840 1593 1112 1633 somnum
1142 1577 1327 1650 gravis
1358 1586 1533 1652 atque
1563 1575 1779 1633 oblivia
1806 1574 2048 1650 quaerit,

479 1674 579 1723 aut
606 1667 782 1723 etiam
810 1684 1129 1742 properans
1158 1667 1361 1723 urbem
1392 1668 1540 1742 petit
1569 1675 1746 1741 atque
1775 1666 1986 1725 revisit.

479 1756 595 1814 hoc
625 1775 687 1815 se
718 1758 963 1832 quisque
992 1756 1175 1815 modo
1205 1758 1348 1832 fugit
1384 1756 1476 1833 (at
1503 1775 1680 1832 quem
1713 1756 1950 1829 scilicet,
1980 1765 2046 1815 ut
2071 1756 2155 1828 fit,
2240 1813 2249 1823 ,

479 1847 731 1923 effugere
762 1848 901 1905 haut
928 1848 1082 1923 potis
1112 1857 1215 1919 est,
1250 1848 1486 1923 ingratis
1516 1846 1744 1920 haeret)
1785 1856 1845 1905 et
1871 1845 2000 1908 odit

478 1947 805 2014 propterea,
836 1939 1025 1996 morbi
1055 1939 1192 2013 quia
1219 1956 1457 1996 causam
1487 1956 1608 1995 non
1636 1945 1798 1996 tenet
1826 1955 2040 2013 aeger3
2169 1958 2299 2005 1070

478 2047 657 2103 quam
685 2029 840 2087 bene
870 2029 916 2087 si
945 2028 1159 2100 videat,
1190 2029 1305 2086 iam
1335 2029 1508 2087 rebus
1539 2028 1788 2104 quisque
1815 2029 2030 2087 relictis

476 2130 740 2177 naturam
770 2119 1022 2194 primum
1052 2118 1285 2177 studeat
1314 2133 1677 2194 cognoscere
1705 2136 1919 2191 rerum,

476 2210 755 2284 temporis
784 2211 1003 2268 aeterni
1032 2210 1334 2285 quoniam,
1363 2228 1486 2267 non
1515 2210 1688 2267 unius
1717 2208 1916 2282 horae,

477 2301 787 2375 ambigitur
814 2309 1013 2371 status,
1043 2301 1104 2358 in
1134 2318 1254 2375 quo
1286 2301 1359 2358 sit
1388 2300 1730 2359 mortalibus
1765 2299 1960 2358 omnis

476 2399 653 2462 aetaS,
683 2400 818 2465 post
846 2401 1094 2448 mortem
1123 2409 1273 2465 quae
1303 2400 1480 2448 restat
1508 2408 1765 2465 cumque
1796 2388 2109 2449 manenda.
2171 2410 2262 2457 107
2267 2408 2295 2462 5

558 2481 831 2555 Denique
861 2490 1022 2539 tanto
1051 2498 1231 2555 opere
1260 2481 1319 2538 in
1349 2480 1542 2540 dubiis
1571 2480 1861 2555 trepidare
1889 2481 2120 2559 periclis

477 2589 628 2646 quae
657 2572 810 2629 mala
836 2588 946 2629 nos
973 2570 1187 2645 subigit
1213 2571 1351 2629 vitai
1379 2580 1542 2628 tanta
1569 2570 1836 2646 cupido?

477 2673 636 2719 certa
663 2659 905 2737 quidem
933 2661 1063 2719 finis
1091 2662 1241 2719 vitae
1270 2661 1609 2720 mortalibus
1637 2660 1829 2719 adstat

477 2770 589 2809 nec
619 2751 860 2809 devitari
888 2751 1065 2809 letum
1093 2761 1234 2827 pote
1264 2752 1406 2827 quin
1436 2752 1737 2810 obeamus.

476 2851 777 2918 praeterea
803 2859 1098 2900 versamur
1125 2841 1347 2900 ibidem
1374 2852 1552 2917 atque
1583 2842 1845 2900 insumus
1873 2858 2060 2916 usque
2167 2848 2300 2899 1080

477 2951 589 2990 nec
617 2951 771 2991 nova
797 2932 1048 2991 vivendo
1075 2932 1418 3008 procuditur
1444 2933 1560 2990 ulla
1586 2933 1853 3006 voluptas
1875 2952 1892 3005 ;

477 3022 583 3081 sed
612 3023 756 3080 dum
784 3024 950 3082 abest
978 3022 1141 3097 quod
1170 3041 1429 3094 avemuS,
1462 3022 1524 3080 id
1553 3040 1902 3098 exsuperare
1931 3020 2160 3080 videtur

384 3115 391 3121 ’
476 3124 671 3172 cetera
692 3135 709 3187 3
751 3124 885 3190 post
915 3114 1072 3186 aliut,
1102 3133 1238 3172 curn
1270 3114 1514 3189 contigit
1542 3112 1701 3184 illud,
1733 3131 1972 3171 avemus

478 3215 537 3263 et
565 3206 685 3263 sitis
715 3222 904 3278 aequa
932 3213 1093 3263 tenet
1119 3205 1256 3262 vitai
1285 3222 1519 3279 semper
1549 3204 1779 3262 hiantis.
2039 3276 2046 3287 ι

477 3304 827 3370 posteraque
857 3295 917 3351 in
945 3294 1181 3352 dubiost
1209 3295 1500 3353 fortunam
1529 3313 1705 3370 quam
1733 3293 1909 3352 vehat
1936 3301 2116 3366 aetaS,
2166 3300 2297 3366 1085

477 3384 693 3459 quidve
722 3386 864 3442 ferat
890 3384 1059 3442 nobis
1089 3403 1256 3443 casus
1286 3386 1459 3460 quive
1490 3386 1676 3443 exitus
1706 3385 1896 3442 instet.

475 3491 590 3532 nec
618 3492 884 3552 prorsum
912 3475 1091 3533 vitam
1122 3474 1399 3533 ducendo
1429 3475 1719 3533 demimus
1749 3474 1931 3532 hilum

477 3572 741 3640 tempore
771 3566 847 3624 de
878 3567 1077 3623 mortis
1106 3585 1217 3623 nec
1246 3565 1503 3625 delibare
1531 3565 1808 3637 valemUS‚
