2784 3992
464 314 569 385 v.]
920 310 1031 366 DE
1080 310 1381 366 RERUM
1439 310 1782 367 NATURA
2173 292 2292 379 167

468 471 707 531 alituum
737 490 916 547 porro
944 490 1129 548 genus
1159 473 1262 531 alis
1290 491 1468 531 omne
1499 473 1764 531 videmus

467 562 645 621 fidere
677 573 736 621 et
764 583 800 621 a
826 564 1020 639 pinnis
1050 564 1359 621 tremulum
1387 578 1588 639 petere
1619 565 1978 649 auxiliatum.
2166 586 2292 634 1040

466 653 713 728 proinde
745 665 949 728 putare
980 654 1234 728 aliquem
1261 663 1385 711 tum
1415 655 1656 713 nomina
1684 654 2042 714 distribuisse

468 745 637 802 rebus
667 758 725 801 et
755 744 896 801 inde
926 744 1193 802 homines
1224 744 1497 803 didicisse
1526 746 1816 803 vocabula
1841 747 2048 821 prima,

469 833 811 909 desiperest.
843 853 978 891 nam
1008 846 1112 892 cur
1140 835 1235 891 hic
1265 845 1466 911 posset
1493 845 1710 893 cuncta
1737 846 1940 895 notare

467 925 709 983 vocibus
740 934 799 982 et
827 925 1016 982 varios
1045 925 1267 982 sonitus
1297 926 1562 982 emittere
1592 925 1840 1001 linguae,

469 1024 735 1090 tempore
764 1014 982 1073 eodem
1012 1016 1106 1072 alii
1136 1016 1326 1072 facere
1350 1014 1412 1072 id
1441 1033 1564 1073 non
1587 1018 1780 1091 quisse
1810 1020 2130 1093 putentur?
2159 1036 2281 1089 1045

467 1116 769 1180 praeterea
798 1106 846 1163 si
874 1124 995 1162 non
1023 1105 1117 1163 alii
1147 1123 1386 1179 quoque
1416 1098 1662 1165 vocibus
1688 1110 1778 1166 usi

470 1198 620 1254 inter
647 1214 709 1254 se
739 1197 983 1268 fuerant,
1013 1195 1172 1253 unde
1204 1196 1377 1254 insita
1404 1198 1640 1257 notities
1669 1208 1760 1257 est

468 1288 723 1371 utilitatis
756 1296 816 1345 et
844 1286 1005 1344 unde
1034 1286 1173 1344 data
1200 1295 1288 1345 est
1316 1287 1453 1345 huic
1481 1289 1668 1363 prima
1694 1300 1974 1365 potestas»,

467 1379 609 1455 quid
637 1381 810 1438 vellet
838 1372 1029 1438 facere
1059 1390 1123 1437 ut
1154 1381 1325 1438 sciret
1351 1382 1669 1457 animoque
1698 1382 1966 1441 videret?

467 1488 677 1546 cogere
707 1472 846 1528 item
875 1470 1055 1545 pluris
1082 1489 1233 1542 unus
1261 1472 1562 1547 victosque
1593 1472 1836 1531 domare
2157 1490 2284 1543 1050

465 1579 585 1619 non
612 1570 859 1637 poterat,
888 1579 1080 1619 rerum
1110 1572 1173 1619 ut
1200 1562 1533 1637 perdiscere
1563 1564 1807 1627 nomina
1833 1564 2066 1622 vellent.

464 1670 576 1709 nec
603 1654 827 1710 ratione
857 1651 1075 1710 docere
1104 1653 1219 1711 ulla
1246 1652 1610 1733 suadereque
1641 1654 1846 1725 surdiS,

464 1742 608 1818 quid
634 1744 707 1801 sit
734 1761 885 1818 opus
913 1743 1086 1814 facte,
1118 1743 1339 1801 facilest
1361 1765 1377 1815 ;
1422 1762 1616 1819 neque
1647 1745 1803 1801 enim
1833 1753 2172 1819 paterentur

464 1851 576 1892 nec
604 1835 829 1891 ratione
859 1834 973 1891 ulla
999 1834 1106 1892 sibi
1136 1834 1347 1891 ferrent
1375 1835 1624 1909 amplius
1652 1836 1804 1892 auris

464 1926 625 1982 vocis
653 1923 949 1982 inauditos
979 1924 1203 1982 sonitus
1230 1923 1557 1982 obtundere
1587 1925 1810 1984 frustra.
2157 1942 2280 1995 1055

465 2018 765 2090 postremo
795 2014 939 2089 quid
968 2015 1027 2071 in
1056 2014 1166 2071 hac
1195 2015 1455 2072 mirabile
1486 2024 1845 2089 tantoperest
1872 2033 1954 2086 re,

464 2107 512 2163 si
538 2125 723 2181 genus
752 2106 1091 2176 humanum,
1122 2105 1217 2162 cui
1245 2124 1359 2162 vox
1388 2113 1448 2162 et
1475 2105 1672 2179 lingua
1698 2107 1935 2180 vigeret,

466 2214 572 2271 pro
601 2197 759 2253 vario
788 2214 962 2254 sensu
990 2196 1145 2252 varia
1171 2214 1262 2253 res
1290 2213 1438 2253 voce
1468 2197 1738 2253 notaret?

464 2306 601 2344 cum
628 2285 894 2361 pecudes
920 2295 1134 2357 mutae,
1165 2304 1303 2343 cum
1332 2284 1592 2361 denique
1623 2287 1820 2344 saecla
1847 2288 2094 2344 ferarum

464 2377 757 2436 dissimilis
788 2377 1011 2434 soleant
1041 2394 1218 2434 voces
1247 2376 1547 2451 variasque
1577 2376 1749 2448 ciere,
2160 2381 2284 2432 1060

464 2487 604 2526 cum
633 2477 825 2525 metus
854 2476 953 2525 aut
980 2466 1150 2525 dolor
1178 2476 1266 2525 est
1294 2475 1353 2525 et
1382 2485 1519 2525 cum
1548 2467 1664 2524 iam
1692 2467 1904 2542 gaudia
1931 2467 2202 2541 gliscunt.

464 2560 688 2635 quippe
717 2558 935 2615 etenim
963 2558 1098 2616 licet
1126 2556 1188 2615 id
1215 2558 1387 2616 rebus
1417 2576 1780 2633 cognoscere
1809 2558 2041 2632 apertiS.

465 2650 699 2708 inritata
726 2668 939 2706 canum
967 2667 1105 2706 cum
1134 2649 1386 2723 primum
1419 2666 1631 2723 magna
1661 2648 1990 2705 Molossum

465 2740 662 2799 mollia
689 2740 835 2797 ricta
863 2740 1114 2796 fremunt
1144 2738 1320 2796 duros
1348 2738 1633 2795 nudantia
1661 2736 1888 2807 denteS,

464 2832 641 2906 longe
671 2830 786 2887 alio
816 2829 1008 2887 sonitu
1037 2830 1194 2887 rabie
1223 2829 1485 2886 restricta
1514 2829 1824 2898 minantur,
2161 2834 2281 2898 1065

466 2931 527 2979 et
557 2939 695 2979 cum
724 2920 840 2978 iam
870 2920 1075 2977 latrant
1105 2929 1164 2977 et
1192 2920 1436 2983 vocibus
1465 2919 1666 2977 omnia
1693 2918 2011 2992 complent.

465 3021 529 3070 et
555 3011 777 3069 catulos
807 3008 1021 3068 blande
1051 3028 1187 3067 cum
1215 3009 1412 3083 lingua
1439 3010 1695 3067 lambere
1723 3017 2016 3083 temptant

464 3112 568 3161 aut
595 3102 697 3160 ubi
725 3118 827 3159 eos
856 3101 1071 3157 iactant
1101 3098 1351 3174 pedibus
1382 3116 1695 3173 morsuque
1726 3107 1998 3174 petentes

464 3192 763 3269 suspensis
792 3199 1023 3248 teneros
1054 3191 1347 3248 imitantur
1375 3188 1648 3247 dentibus
1677 3188 1934 3260 haustuS‚

462 3284 644 3359 longe
672 3282 788 3340 alio
817 3290 992 3356 pacto
1022 3282 1261 3356 gannitu
1290 3280 1451 3337 vocis
1481 3279 1735 3350 adulant,
2158 3296 2282 3343 1070

462 3385 529 3434 et
556 3392 692 3431 cum
723 3372 937 3429 deserti
963 3372 1290 3430 baubantur
1318 3370 1375 3427 in
1408 3369 1652 3428 aedibus
1679 3378 1779 3426 aut
1806 3386 1943 3426 cum

460 3464 749 3543 plorantis
777 3462 1003 3538 fugiunt
1030 3461 1339 3519 summisso
1368 3478 1614 3535 corpore
1644 3459 1860 3535 plagas·

462 3554 728 3630 denique
757 3571 881 3611 non
910 3551 1168 3611 hinnitus
1196 3551 1336 3609 item
1366 3549 1594 3609 differre
1622 3549 1872 3621 videtur,
