2784 3992
534 322 649 385 192
1197 316 1664 371 LucRETms
2197 318 2338 389 [v1.

522 480 766 540 turbinis
796 480 1092 538 inmanem
1120 479 1237 537 vim
1267 477 1562 555 provomit
1590 488 1769 555 atque
1795 478 2108 555 procellae.

520 570 628 630 sed
657 571 794 646 quia
820 571 885 629 fit
910 588 1040 628 raro
1068 570 1312 628 omnino
1342 570 1676 645 montisque
1704 580 2004 629 necessest

520 662 755 721 officere
784 662 844 719 in
871 662 1051 733 terris,
1081 670 1323 736 apparet
1350 661 1606 719 crebrius
1633 659 1794 720 idem

470 749 836 843 xprospectu
866 752 1037 809 maris
1063 751 1125 809 in
1154 770 1368 827 magno
1397 751 1682 826 caeloque
1709 752 1952 827 patenti.
2239 770 2343 823 450

603 842 820 902 Nubila
845 850 1254 914 concrescunt,
1282 842 1383 900 ubi
1413 859 1662 917 corpora
1689 842 1874 900 multa
1901 840 2157 901 volando

522 935 635 992 hoc
666 950 878 1008 supero
908 933 969 990 in
996 932 1142 989 caeli
1170 932 1359 1007 spatio
1386 932 1582 990 coiere
1611 941 1855 1007 repente

524 1024 833 1099 asperiora,
863 1023 1041 1080 moris
1069 1039 1220 1097 quae
1248 1022 1476 1097 possint
1502 1021 1850 1098 indupedita

524 1114 744 1189 exiguis
778 1123 975 1170 tamen
1004 1113 1152 1170 inter
1180 1130 1244 1170 se
1271 1130 1626 1188 comprensa
1651 1114 1856 1171 teneri.

523 1207 671 1265 haec
698 1206 915 1264 faciunt
944 1205 1198 1280 primum
1224 1222 1430 1280 parvas
1459 1204 1778 1264 consistere
1806 1206 1996 1265 nubes
2019 1225 2038 1279 ;
2242 1223 2339 1278 455

523 1298 661 1357 inde
691 1298 840 1357 haec
870 1296 1304 1372 comprendunt
1331 1298 1484 1356 inter
1510 1316 1575 1357 se
1603 1316 1838 1373 conque
1866 1308 2182 1375 gregantur

525 1400 585 1447 et
612 1387 1031 1465 coniungendo
1059 1397 1329 1446 crescunt
1354 1389 1661 1464 ventisque
1691 1390 1950 1447 feruntur

524 1498 710 1554 usque
738 1479 892 1537 adeo
920 1479 1116 1538 donec
1144 1488 1463 1554 tempestas
1492 1498 1665 1538 saeva
1691 1489 1966 1539 coortast.

525 1573 590 1630 fit
617 1589 854 1646 quoque
881 1570 965 1628 uti
994 1563 1210 1628 montis
1232 1570 1433 1653 yicina
1460 1571 1772 1629 cacumina
1798 1572 1966 1629 caelo

526 1681 703 1737 quam
732 1662 846 1719 sint
872 1678 1111 1737 quoque
1141 1661 1341 1736 magis,
1372 1670 1540 1719 tanto
1570 1662 1754 1737 magis
1782 1660 1944 1719 edita
1972 1661 2201 1720 fument
2247 1668 2344 1729 460

526 1751 771 1811 adsidue
800 1752 995 1810 furvae
1025 1751 1197 1810 nubis
1224 1751 1476 1827 caligine
1505 1770 1702 1810 crassa

526 1853 838 1920 propterea
864 1843 1020 1918 quia,
1050 1861 1188 1900 cum
1215 1842 1544 1901 consistunt
1571 1842 1770 1901 nubila
1797 1842 2073 1917 primum,

527 1944 661 1992 ante
689 1933 888 1992 videre
915 1934 1070 1992 oculi
1100 1951 1275 2008 quam
1306 1933 1551 2009 possint,
1582 1933 1792 2005 tenvia,
1823 1934 1981 1991 venti

527 2034 825 2101 portantes
853 2034 1074 2099 cogunt
1100 2023 1177 2082 ad
1206 2042 1438 2083 summa
1464 2024 1774 2081 cacumina
1802 2024 2036 2083 montis,

528 2117 624 2174 hic
654 2115 894 2173 demum
923 2115 989 2171 fit
1016 2115 1098 2172 uti
1128 2115 1295 2173 turba
1323 2114 1544 2173 maiore
1573 2123 1778 2172 coorta
2247 2122 2340 2186 465

528 2216 588 2265 et
616 2205 917 2265 condensa
944 2214 1161 2279 queant
1189 2222 1469 2279 apparere
1499 2212 1560 2262 et
1587 2204 1760 2262 simul
1786 2204 1918 2280 ipso
2009 2260 2024 2272 ,

528 2298 743 2356 vertice
772 2296 849 2355 de
877 2297 1093 2355 montis
1121 2295 1427 2353 videantur
1455 2312 1689 2371 surgere
1718 2296 1778 2353 in
1806 2295 2086 2354 aethram.

530 2408 667 2448 nam
695 2389 827 2447 loca
853 2387 1110 2446 declarat
1137 2405 1362 2445 sursum
1389 2395 1637 2445 ventosa
1663 2396 1864 2461 patere

528 2499 619 2537 res
647 2480 775 2555 ipsa
801 2488 861 2538 et
888 2497 1109 2552 sensus,
1141 2478 1356 2536 montis
1385 2494 1525 2535 cum
1555 2476 1930 2535 ascendimus
1959 2476 2125 2535 altos

530 2580 831 2646 praeterea
858 2569 1145 2645 permulta
1173 2568 1317 2625 mari
1347 2586 1588 2643 quoque
1617 2568 1818 2627 tollere
1848 2577 1976 2626 toto
2079 2556 2092 2567 ’
2245 2586 2340 2634 470

530 2678 779 2735 corpora
806 2669 1070 2718 naturam
1099 2658 1400 2716 declarant
1427 2660 1592 2717 litore
1619 2668 1811 2717 vestes

531 2769 866 2826 suspensae,
897 2769 1031 2806 cum
1062 2749 1406 2825 concipiunt
1431 2750 1650 2807 umoris
1679 2736 2019 2807 adhaesum.

532 2860 650 2916 quo
681 2841 861 2915 magis
891 2840 966 2897 ad
996 2840 1165 2897 nubis
1195 2839 1494 2915 augendas
1524 2840 1704 2897 multa
1731 2840 2000 2897 videntur

530 2950 702 3007 posse
733 2949 969 3007 quoque
999 2950 1031 2988 e
1062 2931 1214 2988 salso
1241 2949 1598 3006 consurgere
1629 2931 1888 2991 momine
1917 2929 2088 3006 ponti
2110 2950 2128 3001 ;

530 3042 665 3080 nam
695 3023 839 3080 ratio
868 3022 1358 3097 consanguineast
1386 3022 1686 3079 umoribus
1715 3022 1860 3080 ollis,
2244 3036 2336 3089 475

530 3123 830 3189 praeterea
856 3113 1041 3171 fluviis
1070 3130 1143 3170 ex
1172 3113 1444 3170 omnibus
1473 3122 1533 3170 et
1561 3112 1730 3170 simul
1759 3113 1886 3187 ipsa

531 3221 762 3279 surgere
790 3202 867 3260 de
897 3211 1045 3261 terra
1073 3203 1315 3261 nebulas
1343 3212 1690 3279 aestumque
1717 3201 2004 3273 videmuS‚

531 3312 681 3370 quae
710 3294 865 3352 velut
894 3295 1104 3351 halitus
1132 3294 1270 3352 hinc
1298 3295 1379 3351 ita
1407 3313 1632 3353 sursum
1662 3312 1938 3369 expressa
1963 3292 2222 3349 feruntur

532 3384 986 3458 suffunduntque
1016 3403 1120 3442 sua
1149 3386 1376 3443 caelum
1407 3385 1651 3461 caligine
1681 3394 1740 3442 et
1766 3384 1910 3445 altas

534 3474 827 3530 sufficiunt
854 3473 1023 3530 nubis
1052 3474 1330 3547 paulatim
1359 3474 1776 3533 conveniundo
1797 3496 1815 3548 5
2238 3475 2330 3537 480

534 3572 700 3635 urget
728 3564 883 3649 enim
914 3580 1151 3635 quoque
1182 3564 1442 3638 signiferi·
1465 3584 1640 3640 super
1666 3565 1916 3623 aetheris
1943 3574 2136 3622 aestus
