2784 3992
1052 813 1122 873 T.
1167 811 1551 875 LUORETI
1606 814 1816 875 CARI

821 1015 977 1090 DE
1018 1100 1023 1108 ,
1061 1016 1478 1093 RERUM
1559 1018 2051 1095 NATURA

1125 1240 1368 1294 LIBER
1417 1241 1753 1297 SEXTUS.

1353 1398 1558 1435 ——0-

530 1530 758 1589 Primae
788 1530 1106 1607 frugiparos
1136 1532 1284 1590 fetus
1313 1532 1652 1591 mortalibus
1679 1532 1866 1608 aegris

530 1621 869 1680 dididerunt
896 1622 1196 1697 quondam
1224 1623 1523 1697 praeclaro
1550 1624 1789 1705 nomine
1819 1624 2088 1685 Athenae

528 1722 589 1772 et
614 1722 1017 1771 recreaverunt
1044 1714 1220 1770 vitam
1249 1714 1524 1787 legesque
1553 1723 1845 1789 rogarunt,

507 1813 591 1889 ‘et
617 1804 838 1879 primae
868 1802 1159 1861 dederunt
1188 1804 1404 1861 solacia
1431 1803 1625 1861 dulcia
1650 1805 1823 1877 vitae,

529 1913 664 1953 cum
692 1912 945 1969 genuere
974 1896 1161 1952 virum
1190 1894 1292 1951 tali
1320 1913 1458 1951 cum
1487 1894 1668 1952 corde
1697 1892 2012 1969 repertum,

535 1986 736 2043 omnia
760 1984 1020 2043 veridico
1049 1984 1150 2060 qui
1178 1984 1478 2059 quondam
1509 2003 1584 2042 ex
1610 2003 1711 2043 ore
1738 1985 1998 2060 profudit
2016 2007 2036 2060 3

530 2076 694 2133 cuius
725 2084 785 2133 et
813 2074 1054 2133 extincti
1081 2084 1320 2150 propter
1348 2074 1542 2132 divina
1567 2084 1802 2150 reperta

530 2165 821 2240 divolgata
847 2176 1014 2223 vetus
1042 2166 1157 2223 iam
1185 2164 1264 2223 ad
1292 2166 1520 2223 caelum
1549 2166 1731 2241 gloria
1757 2166 1950 2225 fertur.

530 2274 666 2315 nam
696 2276 833 2314 curn
860 2256 1007 2314 vidit
1034 2255 1130 2313 hic
1159 2254 1237 2313 ad
1264 2256 1485 2314 victum
1514 2274 1667 2331 quae
1695 2256 1913 2333 flagitat
1941 2276 2076 2317 usus

530 2348 730 2405 omnia
756 2348 872 2405 iam
900 2347 1082 2405 ferme
1112 2346 1451 2405 mortalibus
1481 2365 1607 2405 esse
1636 2357 1842 2422 parata

530 2447 607 2510 et,
635 2456 920 2512 proquam
948 2446 1164 2511 posset,
1195 2437 1372 2495 vitam
1403 2438 1719 2495 consistere
1747 2447 1958 2511 tutam,

530 2527 740 2587 divitiis
767 2528 1037 2585 homines
1065 2538 1125 2585 et
1154 2528 1377 2585 honore
1408 2536 1468 2585 et
1494 2526 1667 2585 laude
1696 2528 1954 2603 potentis

529 2619 767 2677 affluere
796 2628 971 2692 atque
1001 2618 1159 2675 bona
1186 2627 1492 2693 gnatorum
1522 2615 1805 2699 excellere
1834 2618 2006 2690 fama,

530 2727 642 2767 nec
670 2710 861 2766 minus
889 2725 1016 2766 esse
1046 2707 1210 2765 domi
1239 2708 1515 2783 cuiquam
1543 2718 1739 2765 tamen
1767 2708 1941 2765 anxia
1967 2706 2162 2782 corda,

529 2808 704 2874 atque
734 2799 912 2856 animi
941 2799 1175 2873 ingratis
1202 2798 1381 2855 vitam
1410 2800 1618 2855 vexar‘e
1649 2798 1773 2855 sine
1802 2798 1920 2855 ulla

530 2907 712 2964 pausa
740 2899 915 2963 atque
945 2889 1165 2946 infestis
1194 2889 1362 2963 cogei
1391 2889 1610 2947 saevire
1639 2888 1926 2963 querellis,

531 2979 810 3053 intellegit
838 2980 917 3037 ibi
944 2979 1147 3036 vitium
1174 2998 1275 3036 vas
1305 2978 1538 3035 efficere
1566 2978 1758 3053 ipsum

531 3070 845 3143 omniaque
876 3069 1023 3127 illius
1050 3068 1190 3127 vitio
1220 3070 1580 3143 corrumpier
1605 3070 1760 3129 intus

532 3178 683 3235 quae
712 3160 947 3218 conlata
975 3160 1110 3217 foris
1139 3169 1198 3217 et
1224 3158 1546 3217 commoda
1573 3177 1827 3235 cumque
1856 3160 2160 3231 venirent;

532 3251 741 3325 partim
770 3249 934 3325 quod
962 3250 1184 3307 fluxum
1210 3260 1629 3324 pertusumque
1661 3268 1787 3307 esse
1816 3249 2074 3323 videbat,

532 3351 597 3398 ut
624 3340 781 3398 nulla
806 3349 1008 3415 posset
1034 3341 1259 3398 ratione
1288 3341 1571 3414 explerier
1599 3358 1919 3415 umquam3

534 3431 743 3506 partim
773 3430 937 3505 quod
962 3440 1149 3489 taetro
1178 3431 1343 3505 quasi
1373 3448 1763 3504 conspurcare
1794 3447 2004 3506 sapore

535 3521 736 3580 omnia
765 3522 1061 3593 cernebat,
1091 3538 1501 3596 quaecumque
1531 3530 1848 3595 receperat,
1880 3522 2052 3580 intus·

2287 2370 2346 2405 10

2283 3270 2346 3305 20
