2784 3992
44 3735 242 3879 *a

476 313 554 379 52
1141 306 1604 362 LUCRETIUS
2167 304 2280 375 [11.

471 474 666 532 matris
695 484 754 533 et
780 472 986 549 ingrati
1013 471 1370 548 genitoribus
1401 470 1618 529 inventi
1647 470 1779 543 sint,
2186 477 2281 543 615

469 565 789 639 significare
819 564 1021 621 volunt
1050 563 1319 639 indignos
1348 580 1476 619 esse
1505 561 1818 637 putandOS,

467 656 655 712 vivam
684 655 1025 729 progeniem
1056 654 1155 729 qui
1184 655 1242 710 in
1273 671 1404 711 oras
1433 653 1665 710 luminis
1695 652 1892 710 edant.

468 756 745 821 tympana
772 754 933 803 tenta
960 754 1167 803 tonant
1193 745 1402 820 palmis
1431 752 1490 801 et
1519 743 1786 818 cymbala
1814 743 2038 803 circum

468 855 744 908 concava,
774 837 1199 910 raucisonoque
1230 836 1523 892 minantur
1551 852 1772 892 cornua
1802 844 1998 907 cantu,

468 936 527 985 et
556 916 803 1003 Phrygio
833 927 1086 985 stimulat
1114 944 1360 983 numero
1389 943 1534 983 cava
1561 925 1704 995 tibia
1731 925 1963 998 mentis,
2181 931 2280 981 620

467 1019 698 1093 telaque
726 1026 1100 1092 praeportant
1126 1016 1366 1075 violenti
1394 1016 1559 1090 signa
1587 1015 1809 1087 furoris,

466 1108 719 1183 ingratos
748 1108 975 1165 animos
1003 1116 1179 1181 atque
1208 1106 1390 1181 impia
1416 1114 1661 1181 pectora
1687 1100 1841 1181 volgi

466 1209 795 1257 conterrere
824 1196 984 1255 metu
1014 1214 1164 1271 quae
1193 1198 1422 1271 possint
1450 1196 1694 1254 numini'
1725 1195 1916 1255 divae.

466 1306 605 1364 ergo
634 1307 771 1346 cum
799 1289 1052 1363 primum
1082 1306 1320 1363 magnas
1348 1288 1580 1345 invecta
1607 1304 1715 1361 per
1740 1288 1898 1346 urbis

466 1380 765 1437 munificat
794 1379 969 1437 tacita
995 1378 1249 1436 mortalis
1279 1387 1442 1435 muta
1469 1378 1670 1450 salute,
2177 1383 2277 1450 625

464 1488 597 1528 aere
626 1479 802 1545 atque
831 1478 1072 1545 argento
1102 1478 1365 1527 sternunt
1393 1469 1502 1527 iter
1529 1486 1707 1527 omne
1737 1468 1961 1526 viarum

462 1560 717 1635 largifica
744 1561 893 1635 stipe
923 1558 1175 1617 ditantes
1203 1560 1569 1634 ninguntque
1598 1576 1860 1616 rosarum

463 1651 700 1710 floribus
729 1652 1061 1719 umbrantes
1090 1660 1337 1707 matrem
1365 1650 1771 1723 comitumque
1801 1657 2078 1707 catervas.

463 1742 559 1799 hic
587 1750 807 1800 armata
834 1758 1057 1811 manuS,
1090 1740 1333 1799 Curetas
1363 1740 1601 1797 nomine
1633 1740 1774 1798 Grai

464 1851 613 1907 quos
641 1840 970 1889 memorant
1000 1830 1297 1904 Phrygios,
1327 1830 1477 1887 inter
1505 1848 1566 1887 se
1596 1829 1742 1887 forte
1773 1828 1937 1903 quod
1965 1830 2137 1887 armis
2178 1836 2277 1899 630

463 1922 672 1980 ludunt
700 1923 759 1979 in
788 1937 1213 1994 numerumque
1245 1920 1503 1977 exultant
1532 1919 1956 1995 sanguinolenti

462 2013 736 2071 terrificas
765 2012 1024 2085 capitum
1054 2012 1379 2085 quatientes
1409 2012 1648 2068 numine
1680 2011 1896 2080 cristaS,

465 2103 742 2160 Dictaeos
772 2102 1026 2159 referunt
1056 2102 1301 2159 Curetas
1330 2103 1432 2177 qui
1463 2102 1618 2159 Iovis
1649 2101 1808 2159 illum

462 2194 715 2269 vagitum
744 2193 804 2250 in
835 2193 1011 2250 Creta
1039 2191 1342 2266 quondam
1374 2193 1697 2249 occultasse
1727 2192 2003 2262 feruntur,

462 2302 598 2342 cum
625 2284 791 2359 pueri
818 2284 1040 2340 circum
1069 2299 1316 2356 puerum
1345 2282 1584 2358 pernice
1614 2281 1830 2340 chorea
1921 2274 1926 2277 ’
2177 2287 2273 2353 635

460 2375 699 2433 armatei
727 2375 786 2431 in
814 2391 1122 2431 numerum
1150 2374 1447 2447 pulsarent
1474 2372 1702 2429 aeribus
1731 2389 1883 2443 aera,

462 2483 537 2523 ne
567 2466 841 2524 Saturnus
868 2482 1006 2521 eum
1036 2463 1199 2521 malis
1230 2462 1535 2521 mandaret
1562 2462 1812 2537 adeptus

462 2565 878 2629 aeternumque
909 2553 1072 2611 daret
1100 2555 1263 2611 matri
1296 2555 1411 2631 sub
1433 2562 1674 2627 pectore
1702 2553 1926 2610 volnus,

462 2655 770 2721 propterea
798 2663 1069 2719 magnam
1098 2645 1302 2702 armati
1331 2654 1574 2701 matrem
1606 2644 1974 2712 comitantur,
2175 2649 2275 2710 640

461 2747 559 2792 aut
589 2736 725 2809 quia
751 2735 1077 2809 significant
1107 2734 1302 2793 divam
1330 2732 1672 2809 praedicere
1701 2742 1764 2790 ut
1792 2732 1964 2790 armis

461 2846 529 2883 ac
559 2827 764 2883 virtute
794 2826 971 2901 velint
1000 2827 1244 2899 patriam
1274 2823 1591 2882 defendere
1621 2832 1826 2880 terram

461 2915 866 2990 praesidioque
896 2926 1104 2991 parent
1130 2915 1452 2989 decorique
1484 2914 1818 2989 parentibus
1848 2931 1993 2971 esse.

462 3025 610 3081 quae
639 3006 791 3063 bene
820 3016 877 3063 et
907 3002 1117 3063 eximie
1148 3005 1412 3080 quamvis
1443 3004 1704 3079 disposta
1732 3004 2002 3074 ferantur,

460 3098 633 3173 longe
664 3106 797 3155 sunt
824 3107 1022 3155 tamen
1052 3116 1087 3154 a
1114 3114 1249 3153 vera
1275 3096 1499 3153 ratione
1528 3096 1776 3170 repulsa.
2173 3100 2269 3166 645

462 3188 652 3247 omnis
680 3188 834 3246 enim
866 3206 972 3263 per
998 3206 1062 3246 se
1092 3187 1288 3245 divom
1319 3195 1523 3244 natura
1550 3194 1844 3243 necessest
2189 3204 2194 3209 ·

460 3280 750 3338 inmortali
779 3297 925 3337 aevo
954 3296 1183 3336 summa
1209 3296 1345 3335 cum
1372 3294 1524 3352 pace
1553 3277 1770 3334 fruatur
1915 3350 1922 3355 ·

462 3381 688 3429 semota
714 3372 790 3430 ab
816 3370 1024 3427 nostris
1052 3370 1224 3427 rebus
1253 3368 1631 3441 seiunctaque
1659 3368 1833 3441 longe
1855 3386 1873 3439 3

462 3481 600 3519 nam
629 3461 851 3537 privata
880 3458 1082 3516 dolore
1112 3459 1292 3528 omni,
1322 3459 1546 3531 privata
1571 3457 1822 3532 periclis,

462 3547 588 3624 ipsa
617 3551 735 3608 suis
762 3549 987 3625 pollens
1016 3550 1243 3623 opibus,
1274 3549 1355 3604 nil
1384 3548 1582 3622 indiga
1608 3547 1807 3617 nostri,
2169 3550 2270 3616 650
