2784 3992
522 278 598 350 1.]
1005 277 1115 330 DE
1170 276 1463 328 RERUM
1519 276 1859 330 NATURA
2291 281 2338 348 9

517 441 816 500 arboribus
847 440 1069 516 magnis
1095 441 1300 499 sternit
1327 442 1661 516 montisque
1692 460 1995 517 supremos

517 533 814 607 silvifragis
841 541 1011 591 vexat
1038 532 1229 590 flabris
1253 554 1264 590 :
1313 533 1392 590 ita
1419 534 1659 607 perfurit
1686 535 1805 590 acri
2240 553 2332 606 275

519 641 654 679 cum
685 624 915 680 fremitu
945 624 1242 697 saevitque
1272 624 1487 680 minaci
1515 643 1809 682 murmure
1837 634 2057 682 ventus.

519 722 651 770 sunt
678 714 853 788 igitur
879 715 1037 772 venti
1066 715 1338 771 nimirum
1366 733 1616 789 corpora
1643 733 1821 772 caeca
2192 732 2230 792 7
2271 743 2347 830 s
2390 740 2489 811 55⁴
2527 748 2548 762 υ
2590 789 2596 796 .

519 823 670 878 quae
701 823 879 876 mare,
910 823 1061 878 quae
1090 814 1287 874 terraS,
1319 822 1471 879 quae
1500 804 1757 879 denique
1788 806 1984 863 nubila
2012 806 2157 863 caeli
2204 810 2216 822 ⁹
2243 801 2252 814 ’
2338 815 2359 850 2
2437 793 2444 807 ⁴
2487 795 2507 822 ²
2530 816 2542 836 '

518 904 752 952 verrunt
781 914 850 952 ac
880 896 1071 952 subito
1100 895 1370 951 vexantia
1398 896 1625 953 turbine
1653 905 1901 970 raptant,

519 1004 630 1043 nec
659 986 881 1044 ratione
911 985 1094 1042 fluunt
1121 985 1233 1042 alia
1261 995 1629 1061 stragemque
1658 996 1984 1062 propagant
2236 995 2329 1042 280

518 1088 579 1136 et
606 1097 743 1135 cum
773 1078 960 1135 mollis
989 1096 1176 1152 aquae
1206 1078 1383 1135 fertur
1412 1089 1615 1136 natura
1640 1089 1882 1154 repente

518 1168 757 1226 flumine
787 1167 1127 1239 abundanti,
1158 1187 1335 1242 quam
1364 1169 1533 1243 largis
1562 1169 1839 1228 imbribus
1867 1175 2041 1245 'auget

520 1260 814 1316 montibus
843 1277 916 1314 ex
943 1258 1068 1315 altis
1097 1277 1340 1334 magnus
1370 1257 1645 1317 decursus
1672 1261 1841 1333 aquai

519 1349 798 1424 fragmina
827 1349 1124 1406 coniciens
1153 1350 1421 1408 silvarum
1448 1349 1796 1424 arbustaque
1826 1359 1967 1426 tota,

517 1457 630 1497 nec
659 1438 831 1497 validi
859 1449 1101 1514 possunt
1128 1426 1340 1514 pontes
1366 1441 1651 1499 venientis
1679 1442 1851 1515 aquai
2248 1451 2339 1514 285

516 1531 636 1588 vim
665 1531 914 1588 subitam
944 1531 1185 1587 tolerare
1210 1552 1222 1588 :
1268 1531 1348 1588 ita
1376 1549 1591 1606 magno
1621 1521 1883 1589 turbidus
1912 1532 2083 1592 imbri
2306 1522 2317 1532 ’

518 1621 770 1678 molibus
799 1621 1044 1678 incurrit
1071 1619 1274 1678 validis
1304 1639 1441 1678 cum
1470 1622 1683 1679 viribus
1712 1623 1933 1680 amnis:
2008 1630 2015 1637 ’

519 1711 621 1769 dat
649 1712 840 1769 sonitu
872 1729 1087 1787 magno
1117 1721 1365 1785 stragem
1394 1713 1686 1786 volvitque
1716 1714 1824 1771 sub
1853 1713 2025 1772 undis

517 1802 760 1878 grandia
787 1821 924 1859 saxa
947 1825 958 1860 :
1005 1803 1119 1859 ruit
1148 1821 1265 1876 qua
1291 1802 1575 1876 quicquid
1604 1802 1871 1862 fluctibus
1900 1805 2113 1866 obstat.
2196 1829 2203 1836 ·

519 1895 602 1952 sic
632 1894 801 1968 igitur
827 1893 1047 1950 debent
1075 1893 1233 1951 venti
1263 1911 1501 1967 quoque
1532 1893 1763 1950 flamina
1790 1894 1941 1966 ferri,
2242 1915 2337 1968 290

518 2004 671 2060 quae
699 1985 874 2043 veluti
903 1983 1160 2042 validum
1191 2003 1326 2041 cum
1359 1984 1575 2040 flumen
1604 1986 1970 2058 procubuere

519 2076 838 2151 quamlibet
867 2076 926 2132 in
955 2085 1198 2148 partem,
1229 2074 1472 2131 trudunt
1497 2092 1589 2131 res
1618 2085 1751 2131 ante
1780 2086 2074 2150 ruuntque

521 2168 836 2242 impetibus
866 2166 1099 2236 crebriS,
1131 2165 1426 2222 interdum
1454 2165 1669 2222 vertice
1699 2175 1854 2222 torto

518 2257 838 2330 corripiunt
865 2256 1185 2330 rapideque
1215 2256 1425 2312 rotanti
1455 2256 1681 2312 turbine
1712 2264 1963 2329 portant.

518 2365 698 2421 quare
728 2346 900 2402 etiam
932 2355 1106 2419 atque
1137 2346 1312 2402 etiam
1343 2355 1477 2402 sunt
1504 2346 1659 2402 venti
1688 2363 1936 2419 corpora
1965 2363 2161 2418 caeca,
2246 2367 2307 2420 29
2313 2365 2341 2419 5

519 2435 1004 2512 quandoquidem
1035 2435 1198 2492 factis
1228 2445 1286 2492 et
1315 2436 1573 2492 moribus
1602 2437 1830 2493 aemula
1858 2437 2083 2510 magnis

517 2527 789 2585 amnibus
818 2527 1206 2595 inveniuntur,
1237 2536 1441 2600 aperto
1471 2545 1719 2600 corpore
1750 2527 1849 2600 qui
1880 2536 2031 2585 sunt.

519 2627 644 2676 tum
673 2635 849 2692 porro
879 2617 1067 2674 varios
1093 2635 1284 2674 rerum
1315 2617 1597 2673 sentimus
1625 2616 1841 2676 odores

517 2727 627 2766 nec
657 2718 855 2766 tamen
887 2707 966 2764 ad
993 2707 1146 2766 naris
1173 2706 1455 2764 venientis
1485 2707 1775 2764 cernimus
1804 2726 2105 2782 umquam,

517 2817 627 2858 nec
657 2798 881 2856 calidos
910 2808 1101 2856 aestus
1129 2798 1344 2856 tuimur
1371 2815 1484 2854 nec
1515 2798 1724 2872 frigora
1752 2799 1983 2872 quimus
2245 2819 2345 2870 300

519 2907 792 2966 usurpare
821 2890 1006 2947 oculis
1035 2907 1145 2946 nec
1173 2907 1350 2946 voces
1378 2905 1615 2946 cernere
1645 2906 1879 2946 suemus
1899 2909 1917 2961 3

518 2999 666 3056 quae
698 2990 898 3038 tamen
927 2981 1127 3037 omnia
1154 2997 1439 3053 corporea
1468 2989 1737 3037 constare
1768 2989 2067 3037 necessest

518 3082 736 3143 natura,
769 3071 1045 3145 quoniam
1076 3089 1278 3128 sensus
1309 3070 1585 3144 inpellere
1616 3079 1875 3143 possunt.

519 3171 752 3238 tangere
783 3162 941 3219 enim
972 3172 1029 3218 et
1058 3161 1232 3236 tangi,
1264 3161 1372 3218 nisi
1404 3179 1633 3234 corpuS,
1665 3161 1819 3217 nulla
1848 3169 2043 3233 potest
2072 3178 2183 3218 res,

521 3251 776 3326 denique
807 3251 1126 3326 fluctifrago
1157 3269 1472 3325 suspensae
1505 3251 1563 3307 in
1593 3251 1757 3307 litore
1785 3261 1974 3308 vestes
2210 3275 2215 3280 ·
2241 3269 2339 3320 305

521 3351 818 3414 uvescunt‚
851 3341 1095 3399 eaedem
1125 3342 1433 3416 dispansae
1463 3342 1523 3398 in
1552 3341 1673 3398 sole
1704 3349 2023 3398 serescunt.

523 3444 580 3491 at
607 3451 804 3508 neque
834 3452 953 3507 quo
982 3443 1156 3507 pacto
1185 3432 1506 3507 persederit
1538 3451 1705 3488 umor
1733 3432 1904 3504 aquai

521 3526 760 3583 visumst
791 3543 903 3582 nec
933 3539 1154 3581 rursum
1187 3542 1306 3598 quo
1336 3533 1515 3596 pacto
1544 3522 1751 3596 fugerit
1778 3530 1960 3578 aestu.
