2784 3992
506 284 589 365 76
1054 276 1063 287 “
1174 294 1634 347 LUCRETIUS
1841 279 1846 285 '
2167 290 2312 359 [m.
2380 294 2385 299 ·

502 460 772 518 omnibus
803 467 890 516 est
920 476 1097 514 unum
1128 456 1453 531 perfectum
1486 453 1744 529 corporis
1773 470 2044 528 augmen.

502 552 585 609 sic
613 550 772 607 calor
797 559 973 623 atque
1004 548 1103 605 a‘er
1131 555 1190 604 et
1218 545 1374 604 venti
1406 562 1582 603 caeca
1611 552 1870 618 potestas

501 643 680 700 mixta
707 650 907 697 creant
934 657 1111 695 unam
1141 646 1406 695 naturam
1437 644 1496 693 et
1525 634 1754 693 mobilis
1785 635 1880 693 illa
2220 658 2313 704 270

500 734 602 804 viS,
632 733 839 790 initum
869 741 1060 788 motus
1089 729 1163 788 ab
1193 746 1254 786 se
1286 745 1438 802 quae
1470 725 1678 784 dividit
1705 726 1851 799 ollis,

501 824 741 883 sensifer
767 822 926 881 unde
956 822 1134 881 oritur
1159 820 1412 895 primum
1445 836 1553 894 per
1579 819 1800 877 viscera
1825 827 2037 877 motus.

500 934 636 973 nam
664 914 895 990 penitus
924 931 1189 988 prorsum
1218 911 1359 969 latet
1389 911 1538 968 haec
1567 919 1772 968 natura
1798 910 2113 985 subestque

499 1025 613 1064 nec
641 1006 823 1080 magis
852 1005 963 1062 hac
992 1004 1137 1061 infra
1164 1004 1482 1078 quicquam
1515 1010 1602 1059 est
1630 1000 1690 1059 in
1718 991 1974 1076 corpore¹
1993 1010 2195 1060 nostro

498 1106 673 1172 atque
703 1096 899 1153 anima
925 1103 1013 1152 est
1041 1095 1269 1152 animae
1302 1111 1588 1169 proporro
1621 1092 1796 1150 totius
1825 1092 1969 1167 ipsa.
2216 1110 2310 1164 275

500 1186 663 1262 quod
690 1205 873 1262 genus
902 1186 961 1243 in
989 1186 1197 1243 nostris
1227 1184 1505 1243 membris
1536 1192 1594 1241 et
1623 1201 1871 1258 corpore
1899 1192 2027 1242 toto

499 1278 679 1336 mixta
706 1278 891 1335 latens
919 1277 1098 1335 animi
1124 1276 1209 1333 vis
1240 1285 1327 1333 est
1356 1275 1704 1349 animaeque
1733 1283 2009 1349 potestas,

500 1368 841 1449 corporibus
870 1368 1008 1442 quia
1035 1366 1111 1424 de
1141 1367 1333 1442 parvis
1362 1365 1684 1441 paucisque
1716 1372 1982 1422 creataste

499 1459 582 1517 sic
610 1459 713 1517 tibi
741 1458 993 1516 nominis
1024 1458 1170 1515 haec
1200 1476 1408 1532 expers
1437 1457 1522 1514 vis
1553 1456 1708 1513 facta
1735 1455 1970 1513 minutis

498 1550 841 1625 corporibus
867 1549 1007 1606 latet
1035 1558 1212 1623 atque
1243 1548 1474 1605 animae
1505 1546 1669 1621 quasi
1699 1547 1874 1605 totius
1903 1546 2032 1621 ipsa
2215 1552 2314 1603 280

498 1649 836 1716 proporrost
864 1640 1060 1697 anima
1088 1650 1147 1697 et
1175 1638 1510 1696 dominatur
1538 1655 1784 1712 corpore
1813 1638 1953 1695 toto,

498 1730 787 1789 consimili
814 1730 1037 1788 ratione
1067 1739 1365 1787 necessest
1391 1737 1598 1786 ventus
1629 1737 1687 1785 et
1714 1727 1814 1785 aer

500 1833 558 1880 et
586 1822 745 1879 calor
771 1822 921 1879 inter
949 1838 1011 1878 se
1039 1820 1272 1895 vigeant
1301 1820 1622 1877 commixta
1649 1836 1756 1894 per
1783 1828 1938 1876 artus

498 1912 693 1987 adque
722 1912 843 1969 aliis
872 1911 1028 1969 aliud
1058 1911 1240 1969 subsit
1269 1911 1453 1985 magis
1483 1910 1854 1983 emineatque

500 2012 563 2061 ut
591 2002 873 2078 quiddam
904 2002 1027 2059 fieri
1055 2001 1320 2060 videatur
1346 2001 1422 2058 ab
1451 2001 1724 2059 omnibus
1751 2015 1952 2071 unum,
2214 2006 2308 2072 285

498 2094 560 2151 ni
589 2093 746 2151 calor
772 2111 842 2150 ac
869 2102 1076 2150 ventus
1106 2110 1367 2150 seorsum
1398 2109 1779 2166 seorsumque
1807 2100 2066 2165 potestas

498 2185 645 2245 aeds
674 2184 1019 2241 interemant
1048 2201 1284 2240 sensum
1315 2182 1674 2257 diductaque
1704 2182 1947 2240 solvant.

500 2285 588 2333 est
616 2274 836 2333 etenim
863 2274 1020 2335 calor
1046 2274 1139 2331 ille
1170 2274 1386 2345 animo,
1419 2291 1596 2348 quern
1628 2272 1818 2345 sumit,
1851 2273 1910 2330 in
1939 2272 2022 2331 ira

500 2384 634 2423 cum
665 2366 930 2423 fervescit
960 2374 1019 2422 et
1048 2382 1121 2422 ex
1149 2365 1333 2422 oculis
1360 2364 1539 2422 micat
1567 2364 1795 2421 acribus
1823 2362 2032 2437 ardor3

402 2502 405 2511 .
500 2466 589 2515 est
615 2466 674 2513 et
701 2455 906 2531 frigida
933 2456 1113 2513 multa
1142 2473 1346 2513 comes
1368 2454 1694 2512 formidinis
1723 2472 1863 2512 aura
2216 2475 2314 2529 ²90

501 2565 651 2622 quae
681 2546 797 2604 ciet
824 2546 1123 2603 horrorem
1152 2546 1429 2604 membris
1463 2554 1522 2604 et
1549 2544 1806 2603 concitat
1834 2554 1988 2604 artus
2008 2566 2058 2619 ς·

501 2646 588 2695 est
618 2637 789 2694 etiam
820 2640 1057 2711 quoque
1087 2637 1280 2711 pacati
1312 2645 1492 2694 status
1523 2635 1670 2693 aeris
1699 2635 1810 2709 ille,

501 2737 741 2803 pectore
769 2727 1075 2802 tranquillo
1104 2728 1169 2784 fit
1198 2727 1299 2801 qui
1327 2726 1606 2800 voltuque
1637 2743 1862 2783 sereno,

427 2882 431 2887 ,
502 2818 609 2876 sed
637 2818 809 2875 calidi
837 2818 966 2893 plus
996 2826 1083 2875 est
1110 2818 1214 2875 illis
1244 2817 1454 2891 quibus
1484 2818 1638 2873 acria
1664 2816 1845 2874 corda

504 2908 896 2982 iracundaque
926 2927 1091 2966 mens
1122 2909 1286 2966 facile
1317 2908 1641 2965 effervescit
1669 2908 1728 2965 in
1756 2907 1856 2965 ira.
2219 2927 2314 2982 295

504 3019 623 3075 quo
653 3018 863 3074 genere
893 3000 953 3056 in
981 3000 1180 3074 primis
1203 3000 1287 3056 vis
1316 3009 1404 3055 est
1432 2998 1686 3056 violenta
1713 2999 1970 3070 leonum,

504 3100 744 3165 pectora
771 3091 871 3165 qui
898 3091 1126 3148 fremitu
1155 3099 1433 3165 rumpunt
1460 3090 1804 3163 plerumque
1833 3098 2135 3164 gementes
2173 3080 2178 3089 ¹

457 3242 461 3245 ,
504 3200 616 3239 nec
646 3200 855 3255 capere
885 3183 1095 3239 irarum
1126 3181 1332 3238 fluctus
1362 3181 1420 3238 in
1451 3190 1690 3255 pectore
1720 3191 1983 3255 possunt.

506 3281 564 3329 at
590 3282 833 3330 ventosa
858 3273 1041 3347 magis
1069 3290 1372 3329 cervorum
1403 3271 1606 3347 frigida
1632 3290 1800 3330 mens
1828 3281 1917 3330 est

508 3371 566 3419 et
594 3362 813 3437 gelidas
842 3363 1010 3421 citius
1039 3381 1145 3438 per
1171 3363 1393 3420 viscera
1423 3362 1679 3420 concitat
1707 3359 1874 3423 auras
2219 3383 2319 3435 300

509 3470 658 3527 quae
687 3453 997 3510 tremulum
1025 3453 1245 3511 faciunt
1273 3453 1548 3510 membris
1579 3454 1822 3511 existere
1852 3462 2096 3514 motum.

509 3552 567 3599 at
593 3551 798 3600 natura
822 3543 1004 3601 boum
1030 3542 1265 3619 placido
1296 3543 1477 3618 magis
1506 3544 1636 3601 aere
1665 3545 1821 3616 vivit,
