<?xml version="1.0" encoding="UTF-8"?>
<!DOCTYPE html PUBLIC "-//W3C//DTD XHTML 1.0 Transitional//EN"
    "http://www.w3.org/TR/xhtml1/DTD/xhtml1-transitional.dtd">
<html xmlns="http://www.w3.org/1999/xhtml" xml:lang="en" lang="en">
 <head>
  <title>
</title>
<meta http-equiv="Content-Type" content="text/html;charset=utf-8" />
  <meta name='ocr-system' content='tesseract 3.04.00' />
  <meta name='ocr-capabilities' content='ocr_page ocr_carea ocr_par ocr_line ocrx_word'/>
</head>
<body>
  <div class='ocr_page' id='page_1' title='image "./tlucreticarider06unkngoog_0213.png"; bbox 0 0 2784 3992; ppageno 0'>
   <div class='ocr_carea' id='block_1_1' title="bbox 448 308 2252 379">
    <p class='ocr_par' dir='ltr' id='par_1_1' title="bbox 448 308 2252 379">
     <span class='ocr_line' id='line_1_1' title="bbox 448 308 2252 379; baseline 0.001 -18"><span class='ocrx_word' id='word_1_1' title='bbox 448 309 548 379; x_wconf 86' lang='lat' dir='ltr'>V.]</span> <span class='ocrx_word' id='word_1_2' title='bbox 935 308 1045 361; x_wconf 92' lang='lat' dir='ltr'>DE</span> <span class='ocrx_word' id='word_1_3' title='bbox 1098 308 1387 362; x_wconf 87' lang='lat' dir='ltr'><strong>RERUM</strong></span> <span class='ocrx_word' id='word_1_4' title='bbox 1443 309 1786 363; x_wconf 89' lang='lat' dir='ltr'>NATURA</span> <span class='ocrx_word' id='word_1_5' title='bbox 2141 311 2252 376; x_wconf 77' lang='lat'>151</span> 
     </span>
    </p>
   </div>
   <div class='ocr_carea' id='block_1_2' title="bbox 383 468 2260 3618">
    <p class='ocr_par' dir='ltr' id='par_1_2' title="bbox 447 468 1966 545">
     <span class='ocr_line' id='line_1_2' title="bbox 447 468 1966 545; baseline 0.003 -18"><span class='ocrx_word' id='word_1_6' title='bbox 447 468 609 545; x_wconf 89' lang='lat' dir='ltr'>quod</span> <span class='ocrx_word' id='word_1_7' title='bbox 636 487 825 545; x_wconf 89' lang='lat' dir='ltr'>genus</span> <span class='ocrx_word' id='word_1_8' title='bbox 852 470 914 527; x_wconf 92' lang='lat' dir='ltr'>in</span> <span class='ocrx_word' id='word_1_9' title='bbox 942 470 1113 528; x_wconf 88' lang='lat' dir='ltr'>nobis</span> <span class='ocrx_word' id='word_1_10' title='bbox 1141 470 1435 545; x_wconf 87' lang='lat' dir='ltr'>quaedam</span> <span class='ocrx_word' id='word_1_11' title='bbox 1461 470 1601 529; x_wconf 89' lang='lat' dir='ltr'>licet</span> <span class='ocrx_word' id='word_1_12' title='bbox 1627 471 1688 529; x_wconf 90' lang='lat' dir='ltr'>in</span> <span class='ocrx_word' id='word_1_13' title='bbox 1716 473 1966 531; x_wconf 88' lang='lat' dir='ltr'>statione</span> 
     </span>
    </p>

    <p class='ocr_par' dir='ltr' id='par_1_3' title="bbox 383 557 2259 908">
     <span class='ocr_line' id='line_1_3' title="bbox 383 557 2205 637; baseline 0.003 -20"><span class='ocrx_word' id='word_1_14' title='bbox 383 557 388 562; x_wconf 80' lang='grc'><em>’</em></span> <span class='ocrx_word' id='word_1_15' title='bbox 446 561 711 618; x_wconf 88' lang='lat' dir='ltr'>membra</span> <span class='ocrx_word' id='word_1_16' title='bbox 740 577 997 632; x_wconf 89' lang='lat' dir='ltr'>manere,</span> <span class='ocrx_word' id='word_1_17' title='bbox 1028 571 1227 618; x_wconf 90' lang='lat' dir='ltr'>tamen</span> <span class='ocrx_word' id='word_1_18' title='bbox 1256 579 1393 618; x_wconf 89' lang='lat' dir='ltr'>cum</span> <span class='ocrx_word' id='word_1_19' title='bbox 1423 561 1536 619; x_wconf 91' lang='lat' dir='ltr'>sint</span> <span class='ocrx_word' id='word_1_20' title='bbox 1565 578 1637 619; x_wconf 90' lang='lat' dir='ltr'>ea</span> <span class='ocrx_word' id='word_1_21' title='bbox 1665 580 1816 637; x_wconf 87' lang='lat' dir='ltr'>quae</span> <span class='ocrx_word' id='word_1_22' title='bbox 1845 572 2205 623; x_wconf 89' lang='lat' dir='ltr'>moveantur.</span> 
     </span>
     <span class='ocr_line' id='line_1_4' title="bbox 446 650 2259 740; baseline 0.002 -33"><span class='ocrx_word' id='word_1_23' title='bbox 446 650 531 709; x_wconf 88' lang='lat' dir='ltr'>his</span> <span class='ocrx_word' id='word_1_24' title='bbox 561 651 735 726; x_wconf 89' lang='lat' dir='ltr'>igitur</span> <span class='ocrx_word' id='word_1_25' title='bbox 760 652 933 709; x_wconf 90' lang='lat' dir='ltr'>rebus</span> <span class='ocrx_word' id='word_1_26' title='bbox 960 652 1221 709; x_wconf 87' lang='lat' dir='ltr'>retractis</span> <span class='ocrx_word' id='word_1_27' title='bbox 1250 660 1401 709; x_wconf 90' lang='lat' dir='ltr'>terra</span> <span class='ocrx_word' id='word_1_28' title='bbox 1427 661 1689 740; x_wconf 55' lang='lat' dir='ltr'>erQ</span> <span class='ocrx_word' id='word_1_29' title='bbox 2162 664 2259 723; x_wconf 90' lang='lat'>480</span> 
     </span>
     <span class='ocr_line' id='line_1_5' title="bbox 444 742 2020 817; baseline 0.003 -19"><span class='ocrx_word' id='word_1_30' title='bbox 444 759 718 799; x_wconf 88' lang='lat' dir='ltr'>maxuma</span> <span class='ocrx_word' id='word_1_31' title='bbox 745 758 863 815; x_wconf 88' lang='lat' dir='ltr'>qua</span> <span class='ocrx_word' id='word_1_32' title='bbox 890 759 1048 799; x_wconf 92' lang='lat' dir='ltr'>nunc</span> <span class='ocrx_word' id='word_1_33' title='bbox 1077 760 1139 799; x_wconf 88' lang='lat' dir='ltr'>se</span> <span class='ocrx_word' id='word_1_34' title='bbox 1167 743 1333 817; x_wconf 90' lang='lat' dir='ltr'>ponti</span> <span class='ocrx_word' id='word_1_35' title='bbox 1362 742 1533 817; x_wconf 83' lang='lat' dir='ltr'>plaga</span> <span class='ocrx_word' id='word_1_36' title='bbox 1559 743 1790 800; x_wconf 88' lang='lat' dir='ltr'>caerula</span> <span class='ocrx_word' id='word_1_37' title='bbox 1814 744 2020 817; x_wconf 90' lang='lat' dir='ltr'>tendit,</span> 
     </span>
     <span class='ocr_line' id='line_1_6' title="bbox 443 830 1706 908; baseline 0.002 -19"><span class='ocrx_word' id='word_1_38' title='bbox 443 830 696 890; x_wconf 89' lang='lat' dir='ltr'>succidit</span> <span class='ocrx_word' id='word_1_39' title='bbox 724 841 785 889; x_wconf 93' lang='lat' dir='ltr'>et</span> <span class='ocrx_word' id='word_1_40' title='bbox 812 832 962 890; x_wconf 81' lang='lat' dir='ltr'>salso</span> <span class='ocrx_word' id='word_1_41' title='bbox 990 831 1227 890; x_wconf 85' lang='lat' dir='ltr'>suffudit</span> <span class='ocrx_word' id='word_1_42' title='bbox 1254 833 1478 908; x_wconf 85' lang='lat' dir='ltr'>gurgite</span> <span class='ocrx_word' id='word_1_43' title='bbox 1507 833 1706 892; x_wconf 77' lang='lat' dir='ltr'>fossas,</span> 
     </span>
    </p>

    <p class='ocr_par' dir='ltr' id='par_1_4' title="bbox 442 913 1994 999">
     <span class='ocr_line' id='line_1_7' title="bbox 442 913 1994 999; baseline 0.004 -21"><span class='ocrx_word' id='word_1_44' title='bbox 442 913 638 998; x_wconf 70' lang='lat' dir='ltr'>inque&#39;</span> <span class='ocrx_word' id='word_1_45' title='bbox 653 922 779 981; x_wconf 90' lang='lat' dir='ltr'>dies</span> <span class='ocrx_word' id='word_1_46' title='bbox 808 931 1031 997; x_wconf 91' lang='lat' dir='ltr'>quanto</span> <span class='ocrx_word' id='word_1_47' title='bbox 1058 923 1281 981; x_wconf 90' lang='lat' dir='ltr'>circum</span> <span class='ocrx_word' id='word_1_48' title='bbox 1310 924 1494 999; x_wconf 89' lang='lat' dir='ltr'>magis</span> <span class='ocrx_word' id='word_1_49' title='bbox 1523 923 1772 982; x_wconf 87' lang='lat' dir='ltr'>aetheris</span> <span class='ocrx_word' id='word_1_50' title='bbox 1802 934 1994 984; x_wconf 91' lang='lat' dir='ltr'>aestus</span> 
     </span>
    </p>

    <p class='ocr_par' dir='ltr' id='par_1_5' title="bbox 442 1011 1691 1089">
     <span class='ocr_line' id='line_1_8' title="bbox 442 1011 1691 1089; baseline 0.002 -19"><span class='ocrx_word' id='word_1_51' title='bbox 442 1022 502 1070; x_wconf 95' lang='lat' dir='ltr'>et</span> <span class='ocrx_word' id='word_1_52' title='bbox 527 1011 676 1070; x_wconf 91' lang='lat' dir='ltr'>radii</span> <span class='ocrx_word' id='word_1_53' title='bbox 704 1012 841 1071; x_wconf 90' lang='lat' dir='ltr'>solis</span> <span class='ocrx_word' id='word_1_54' title='bbox 870 1014 1162 1089; x_wconf 85' lang='lat' dir='ltr'>cogebant</span> <span class='ocrx_word' id='word_1_55' title='bbox 1189 1012 1451 1088; x_wconf 90' lang='lat' dir='ltr'>undique</span> <span class='ocrx_word' id='word_1_56' title='bbox 1480 1023 1691 1072; x_wconf 91' lang='lat' dir='ltr'>terram</span> 
     </span>
    </p>

    <p class='ocr_par' dir='ltr' id='par_1_6' title="bbox 439 1103 2257 1274">
     <span class='ocr_line' id='line_1_9' title="bbox 439 1103 2257 1186; baseline 0.003 -25"><span class='ocrx_word' id='word_1_57' title='bbox 439 1103 777 1161; x_wconf 90' lang='lat' dir='ltr'>verberibus</span> <span class='ocrx_word' id='word_1_58' title='bbox 806 1105 1024 1186; x_wconf 77' lang='lat' dir='ltr'>crebris</span> <span class='ocrx_word' id='word_1_59' title='bbox 1050 1113 1311 1161; x_wconf 84' lang='lat' dir='ltr'>extrema</span> <span class='ocrx_word' id='word_1_60' title='bbox 1337 1104 1416 1162; x_wconf 90' lang='lat' dir='ltr'>ad</span> <span class='ocrx_word' id='word_1_61' title='bbox 1443 1105 1644 1162; x_wconf 87' lang='lat' dir='ltr'>limina</span> <span class='ocrx_word' id='word_1_62' title='bbox 1671 1105 1732 1163; x_wconf 91' lang='lat' dir='ltr'>in</span> <span class='ocrx_word' id='word_1_63' title='bbox 1760 1114 1966 1180; x_wconf 87' lang='lat' dir='ltr'>artum,</span> <span class='ocrx_word' id='word_1_64' title='bbox 2161 1114 2257 1179; x_wconf 85' lang='grc'>485</span> 
     </span>
     <span class='ocr_line' id='line_1_10' title="bbox 439 1192 1962 1274; baseline 0.002 -23"><span class='ocrx_word' id='word_1_65' title='bbox 439 1194 501 1251; x_wconf 89' lang='lat' dir='ltr'>in</span> <span class='ocrx_word' id='word_1_66' title='bbox 529 1192 733 1252; x_wconf 90' lang='lat' dir='ltr'>medio</span> <span class='ocrx_word' id='word_1_67' title='bbox 760 1203 824 1251; x_wconf 94' lang='lat' dir='ltr'>ut</span> <span class='ocrx_word' id='word_1_68' title='bbox 850 1194 1130 1269; x_wconf 89' lang='lat' dir='ltr'>propulsa</span> <span class='ocrx_word' id='word_1_69' title='bbox 1155 1211 1263 1253; x_wconf 91' lang='lat' dir='ltr'>suo</span> <span class='ocrx_word' id='word_1_70' title='bbox 1291 1194 1595 1254; x_wconf 89' lang='lat' dir='ltr'>condensa</span> <span class='ocrx_word' id='word_1_71' title='bbox 1621 1196 1823 1269; x_wconf 90' lang='lat' dir='ltr'>coiret,</span> <span class='ocrx_word' id='word_1_72' title='bbox 1959 1270 1962 1274; x_wconf 19' lang='lat'>¹</span> 
     </span>
    </p>

    <p class='ocr_par' dir='ltr' id='par_1_7' title="bbox 439 1284 1918 1361">
     <span class='ocr_line' id='line_1_11' title="bbox 439 1284 1918 1361; baseline 0.002 -19"><span class='ocrx_word' id='word_1_73' title='bbox 439 1294 560 1342; x_wconf 91' lang='lat' dir='ltr'>tam</span> <span class='ocrx_word' id='word_1_74' title='bbox 590 1285 776 1360; x_wconf 90' lang='lat' dir='ltr'>magis</span> <span class='ocrx_word' id='word_1_75' title='bbox 807 1302 1114 1359; x_wconf 88' lang='lat' dir='ltr'>expressus</span> <span class='ocrx_word' id='word_1_76' title='bbox 1143 1285 1323 1344; x_wconf 90' lang='lat' dir='ltr'>salsus</span> <span class='ocrx_word' id='word_1_77' title='bbox 1352 1284 1430 1344; x_wconf 92' lang='lat' dir='ltr'>de</span> <span class='ocrx_word' id='word_1_78' title='bbox 1460 1303 1705 1361; x_wconf 91' lang='lat' dir='ltr'>corpore</span> <span class='ocrx_word' id='word_1_79' title='bbox 1735 1286 1918 1345; x_wconf 87' lang='lat' dir='ltr'>sudor</span> 
     </span>
    </p>

    <p class='ocr_par' dir='ltr' id='par_1_8' title="bbox 438 1375 1899 1451">
     <span class='ocr_line' id='line_1_12' title="bbox 438 1375 1899 1451; baseline 0.001 -18"><span class='ocrx_word' id='word_1_80' title='bbox 438 1376 693 1451; x_wconf 91' lang='lat' dir='ltr'>augebat</span> <span class='ocrx_word' id='word_1_81' title='bbox 720 1394 882 1434; x_wconf 88' lang='lat' dir='ltr'>mare</span> <span class='ocrx_word' id='word_1_82' title='bbox 910 1375 1210 1434; x_wconf 89' lang='lat' dir='ltr'>manando</span> <span class='ocrx_word' id='word_1_83' title='bbox 1236 1394 1600 1451; x_wconf 89' lang='lat' dir='ltr'>camposque</span> <span class='ocrx_word' id='word_1_84' title='bbox 1629 1378 1899 1450; x_wconf 79' lang='lat' dir='ltr'>natantiS,</span> 
     </span>
    </p>

    <p class='ocr_par' dir='ltr' id='par_1_9' title="bbox 438 1465 1730 1542">
     <span class='ocr_line' id='line_1_13' title="bbox 438 1465 1730 1542; baseline 0.001 -18"><span class='ocrx_word' id='word_1_85' title='bbox 438 1475 498 1524; x_wconf 93' lang='lat' dir='ltr'>et</span> <span class='ocrx_word' id='word_1_86' title='bbox 524 1474 691 1524; x_wconf 88' lang='lat' dir='ltr'>tanto</span> <span class='ocrx_word' id='word_1_87' title='bbox 718 1465 904 1542; x_wconf 88' lang='lat' dir='ltr'>magis</span> <span class='ocrx_word' id='word_1_88' title='bbox 932 1466 1028 1524; x_wconf 81' lang='lat' dir='ltr'>ina</span> <span class='ocrx_word' id='word_1_89' title='bbox 1053 1466 1205 1526; x_wconf 88' lang='lat' dir='ltr'>foras</span> <span class='ocrx_word' id='word_1_90' title='bbox 1233 1467 1431 1525; x_wconf 86' lang='lat' dir='ltr'>elabsa</span> <span class='ocrx_word' id='word_1_91' title='bbox 1457 1467 1730 1525; x_wconf 89' lang='lat' dir='ltr'>volabant</span> 
     </span>
    </p>

    <p class='ocr_par' dir='ltr' id='par_1_10' title="bbox 436 1552 2256 1723">
     <span class='ocr_line' id='line_1_14' title="bbox 436 1552 2256 1633; baseline 0.001 -19"><span class='ocrx_word' id='word_1_92' title='bbox 436 1552 691 1631; x_wconf 80' lang='lat' dir='ltr'>cor&#39;pora</span> <span class='ocrx_word' id='word_1_93' title='bbox 717 1556 903 1615; x_wconf 88' lang='lat' dir='ltr'>multa</span> <span class='ocrx_word' id='word_1_94' title='bbox 928 1558 1158 1633; x_wconf 91' lang='lat' dir='ltr'>vaporis</span> <span class='ocrx_word' id='word_1_95' title='bbox 1186 1566 1247 1615; x_wconf 93' lang='lat' dir='ltr'>et</span> <span class='ocrx_word' id='word_1_96' title='bbox 1274 1556 1420 1616; x_wconf 62' lang='lat' dir='ltr'>aeris</span> <span class='ocrx_word' id='word_1_97' title='bbox 1449 1557 1679 1632; x_wconf 87' lang='lat' dir='ltr'>altaque</span> <span class='ocrx_word' id='word_1_98' title='bbox 1709 1556 1859 1615; x_wconf 90' lang='lat' dir='ltr'>caeli</span> <span class='ocrx_word' id='word_1_99' title='bbox 2153 1578 2256 1630; x_wconf 88' lang='lat'>490</span> 
     </span>
     <span class='ocr_line' id='line_1_15' title="bbox 439 1645 1834 1723; baseline 0.001 -19"><span class='ocrx_word' id='word_1_100' title='bbox 439 1645 773 1705; x_wconf 87' lang='lat' dir='ltr'>densebant</span> <span class='ocrx_word' id='word_1_101' title='bbox 800 1648 1009 1722; x_wconf 90' lang='lat' dir='ltr'>procul</span> <span class='ocrx_word' id='word_1_102' title='bbox 1036 1666 1071 1705; x_wconf 90' lang='lat' dir='ltr'>a</span> <span class='ocrx_word' id='word_1_103' title='bbox 1097 1648 1261 1706; x_wconf 88' lang='lat' dir='ltr'>terris</span> <span class='ocrx_word' id='word_1_104' title='bbox 1291 1648 1570 1723; x_wconf 85' lang='lat' dir='ltr'>fulgentia</span> <span class='ocrx_word' id='word_1_105' title='bbox 1597 1647 1834 1722; x_wconf 87' lang='lat' dir='ltr'>templa.</span> 
     </span>
    </p>

    <p class='ocr_par' dir='ltr' id='par_1_11' title="bbox 438 1736 1810 1813">
     <span class='ocr_line' id='line_1_16' title="bbox 438 1736 1810 1813; baseline 0.001 -18"><span class='ocrx_word' id='word_1_106' title='bbox 438 1736 713 1796; x_wconf 89' lang='lat' dir='ltr'>sidebant</span> <span class='ocrx_word' id='word_1_107' title='bbox 742 1738 958 1813; x_wconf 88' lang='lat' dir='ltr'>campi,</span> <span class='ocrx_word' id='word_1_108' title='bbox 988 1738 1332 1796; x_wconf 84' lang='lat' dir='ltr'>crescebant</span> <span class='ocrx_word' id='word_1_109' title='bbox 1358 1737 1654 1796; x_wconf 88' lang='lat' dir='ltr'>montibus</span> <span class='ocrx_word' id='word_1_110' title='bbox 1682 1737 1810 1796; x_wconf 84' lang='lat' dir='ltr'>altis</span> 
     </span>
    </p>

    <p class='ocr_par' dir='ltr' id='par_1_12' title="bbox 447 1826 1994 1903">
     <span class='ocr_line' id='line_1_17' title="bbox 447 1826 1994 1903; baseline 0.001 -17"><span class='ocrx_word' id='word_1_111' title='bbox 447 1846 729 1887; x_wconf 87' lang='lat' dir='ltr'>ascensus</span> <span class='ocrx_word' id='word_1_112' title='bbox 750 1848 767 1901; x_wconf 80' lang='lat'>3</span> <span class='ocrx_word' id='word_1_113' title='bbox 812 1846 1008 1903; x_wconf 89' lang='lat' dir='ltr'>neque</span> <span class='ocrx_word' id='word_1_114' title='bbox 1038 1829 1195 1886; x_wconf 89' lang='lat' dir='ltr'>enim</span> <span class='ocrx_word' id='word_1_115' title='bbox 1226 1838 1498 1903; x_wconf 88' lang='lat' dir='ltr'>poterant</span> <span class='ocrx_word' id='word_1_116' title='bbox 1525 1826 1825 1886; x_wconf 87' lang='lat' dir='ltr'>subsidere</span> <span class='ocrx_word' id='word_1_117' title='bbox 1853 1846 1994 1887; x_wconf 89' lang='lat' dir='ltr'>saxa</span> 
     </span>
    </p>

    <p class='ocr_par' dir='ltr' id='par_1_13' title="bbox 437 1918 2042 1993">
     <span class='ocr_line' id='line_1_18' title="bbox 437 1918 2042 1993; baseline 0.001 -18"><span class='ocrx_word' id='word_1_118' title='bbox 437 1936 549 1977; x_wconf 88' lang='lat' dir='ltr'>nec</span> <span class='ocrx_word' id='word_1_119' title='bbox 578 1919 796 1993; x_wconf 89' lang='lat' dir='ltr'>pariter</span> <span class='ocrx_word' id='word_1_120' title='bbox 821 1918 1169 1976; x_wconf 87' lang='lat' dir='ltr'>tantundem</span> <span class='ocrx_word' id='word_1_121' title='bbox 1198 1936 1405 1976; x_wconf 88' lang='lat' dir='ltr'>omnes</span> <span class='ocrx_word' id='word_1_122' title='bbox 1434 1918 1818 1975; x_wconf 90' lang='lat' dir='ltr'>succumbere</span> <span class='ocrx_word' id='word_1_123' title='bbox 1846 1919 2042 1993; x_wconf 82' lang='lat' dir='ltr'>partiS.</span> 
     </span>
    </p>

    <p class='ocr_par' dir='ltr' id='par_1_14' title="bbox 432 2004 2260 3255">
     <span class='ocr_line' id='line_1_19' title="bbox 516 2004 2256 2084; baseline -0.001 -16"><span class='ocrx_word' id='word_1_124' title='bbox 516 2009 613 2068; x_wconf 92' lang='lat' dir='ltr'>Sic</span> <span class='ocrx_word' id='word_1_125' title='bbox 641 2009 815 2084; x_wconf 89' lang='lat' dir='ltr'>igitur</span> <span class='ocrx_word' id='word_1_126' title='bbox 840 2018 1027 2067; x_wconf 90' lang='lat' dir='ltr'>terrae</span> <span class='ocrx_word' id='word_1_127' title='bbox 1055 2018 1338 2066; x_wconf 89' lang='lat' dir='ltr'>concreto</span> <span class='ocrx_word' id='word_1_128' title='bbox 1366 2026 1614 2083; x_wconf 91' lang='lat' dir='ltr'>corpore</span> <span class='ocrx_word' id='word_1_129' title='bbox 1643 2004 1881 2083; x_wconf 87' lang='lat' dir='ltr'>pondus</span> <span class='ocrx_word' id='word_1_130' title='bbox 2160 2025 2256 2081; x_wconf 84' lang='grc'>495</span> 
     </span>
     <span class='ocr_line' id='line_1_20' title="bbox 435 2098 2058 2175; baseline 0 -18"><span class='ocrx_word' id='word_1_131' title='bbox 435 2100 701 2157; x_wconf 86' lang='lat' dir='ltr'>constitit</span> <span class='ocrx_word' id='word_1_132' title='bbox 728 2108 905 2175; x_wconf 88' lang='lat' dir='ltr'>atque</span> <span class='ocrx_word' id='word_1_133' title='bbox 936 2100 1127 2159; x_wconf 91' lang='lat' dir='ltr'>omnis</span> <span class='ocrx_word' id='word_1_134' title='bbox 1156 2098 1363 2156; x_wconf 90' lang='lat' dir='ltr'>mundi</span> <span class='ocrx_word' id='word_1_135' title='bbox 1392 2099 1557 2173; x_wconf 84' lang='lat' dir='ltr'>quasi</span> <span class='ocrx_word' id='word_1_136' title='bbox 1588 2099 1757 2156; x_wconf 90' lang='lat' dir='ltr'>limus</span> <span class='ocrx_word' id='word_1_137' title='bbox 1785 2099 1845 2156; x_wconf 89' lang='lat' dir='ltr'>in</span> <span class='ocrx_word' id='word_1_138' title='bbox 1874 2098 2058 2157; x_wconf 86' lang='lat' dir='ltr'>imum</span> 
     </span>
     <span class='ocr_line' id='line_1_21' title="bbox 436 2188 1884 2265; baseline 0 -18"><span class='ocrx_word' id='word_1_139' title='bbox 436 2189 721 2248; x_wconf 85' lang='lat' dir='ltr'>confluxit</span> <span class='ocrx_word' id='word_1_140' title='bbox 745 2190 933 2265; x_wconf 90' lang='lat' dir='ltr'>gravis</span> <span class='ocrx_word' id='word_1_141' title='bbox 960 2198 1021 2247; x_wconf 93' lang='lat' dir='ltr'>et</span> <span class='ocrx_word' id='word_1_142' title='bbox 1048 2188 1312 2248; x_wconf 90' lang='lat' dir='ltr'>subsedit</span> <span class='ocrx_word' id='word_1_143' title='bbox 1337 2188 1596 2246; x_wconf 82' lang='lat' dir='ltr'>funditus</span> <span class='ocrx_word' id='word_1_144' title='bbox 1624 2198 1689 2246; x_wconf 94' lang='lat' dir='ltr'>ut</span> <span class='ocrx_word' id='word_1_145' title='bbox 1716 2189 1884 2261; x_wconf 81' lang='lat' dir='ltr'>faex3</span> 
     </span>
     <span class='ocr_line' id='line_1_22' title="bbox 434 2278 1846 2355; baseline 0 -17"><span class='ocrx_word' id='word_1_146' title='bbox 434 2280 577 2339; x_wconf 88' lang='lat' dir='ltr'>inde</span> <span class='ocrx_word' id='word_1_147' title='bbox 605 2298 766 2338; x_wconf 89' lang='lat' dir='ltr'>mare</span> <span class='ocrx_word' id='word_1_148' title='bbox 794 2278 935 2337; x_wconf 90' lang='lat' dir='ltr'>inde</span> <span class='ocrx_word' id='word_1_149' title='bbox 964 2280 1063 2338; x_wconf 69' lang='lat' dir='ltr'>aer</span> <span class='ocrx_word' id='word_1_150' title='bbox 1091 2279 1229 2338; x_wconf 91' lang='lat' dir='ltr'>inde</span> <span class='ocrx_word' id='word_1_151' title='bbox 1258 2278 1461 2337; x_wconf 90' lang='lat' dir='ltr'>aether</span> <span class='ocrx_word' id='word_1_152' title='bbox 1488 2279 1692 2355; x_wconf 88' lang='lat' dir='ltr'>ignifer</span> <span class='ocrx_word' id='word_1_153' title='bbox 1719 2279 1846 2355; x_wconf 89' lang='lat' dir='ltr'>ipse</span> 
     </span>
     <span class='ocr_line' id='line_1_23' title="bbox 436 2368 1853 2445; baseline -0.001 -17"><span class='ocrx_word' id='word_1_154' title='bbox 436 2369 782 2445; x_wconf 85' lang='lat' dir='ltr'>corporibus</span> <span class='ocrx_word' id='word_1_155' title='bbox 806 2368 1045 2445; x_wconf 90' lang='lat' dir='ltr'>liquidis</span> <span class='ocrx_word' id='word_1_156' title='bbox 1074 2379 1209 2427; x_wconf 91' lang='lat' dir='ltr'>sunt</span> <span class='ocrx_word' id='word_1_157' title='bbox 1235 2370 1436 2427; x_wconf 89' lang='lat' dir='ltr'>omnia</span> <span class='ocrx_word' id='word_1_158' title='bbox 1464 2388 1609 2444; x_wconf 91' lang='lat' dir='ltr'>pura</span> <span class='ocrx_word' id='word_1_159' title='bbox 1636 2370 1853 2442; x_wconf 88' lang='lat' dir='ltr'>relicta,</span> 
     </span>
     <span class='ocr_line' id='line_1_24' title="bbox 437 2458 2260 2535; baseline -0.001 -16"><span class='ocrx_word' id='word_1_160' title='bbox 437 2470 496 2519; x_wconf 91' lang='lat' dir='ltr'>et</span> <span class='ocrx_word' id='word_1_161' title='bbox 522 2459 741 2519; x_wconf 90' lang='lat' dir='ltr'>leviora</span> <span class='ocrx_word' id='word_1_162' title='bbox 768 2460 891 2518; x_wconf 83' lang='lat' dir='ltr'>aliis</span> <span class='ocrx_word' id='word_1_163' title='bbox 920 2460 1047 2531; x_wconf 83' lang='lat' dir='ltr'>alia,</span> <span class='ocrx_word' id='word_1_164' title='bbox 1078 2469 1137 2517; x_wconf 90' lang='lat' dir='ltr'>et</span> <span class='ocrx_word' id='word_1_165' title='bbox 1165 2458 1580 2535; x_wconf 89' lang='lat' dir='ltr'>liquidissimus</span> <span class='ocrx_word' id='word_1_166' title='bbox 1609 2460 1811 2517; x_wconf 90' lang='lat' dir='ltr'>aether</span> <span class='ocrx_word' id='word_1_167' title='bbox 2161 2477 2260 2531; x_wconf 91' lang='grc' dir='ltr'><strong>5οο</strong></span> 
     </span>
     <span class='ocr_line' id='line_1_25' title="bbox 436 2549 1802 2627; baseline -0.001 -19"><span class='ocrx_word' id='word_1_168' title='bbox 436 2561 614 2627; x_wconf 87' lang='lat' dir='ltr'>atque</span> <span class='ocrx_word' id='word_1_169' title='bbox 641 2550 965 2609; x_wconf 90' lang='lat' dir='ltr'>levissimus</span> <span class='ocrx_word' id='word_1_170' title='bbox 993 2550 1175 2608; x_wconf 70' lang='lat' dir='ltr'>aerias</span> <span class='ocrx_word' id='word_1_171' title='bbox 1203 2568 1378 2624; x_wconf 91' lang='lat' dir='ltr'>super</span> <span class='ocrx_word' id='word_1_172' title='bbox 1407 2549 1591 2607; x_wconf 91' lang='lat' dir='ltr'>influit</span> <span class='ocrx_word' id='word_1_173' title='bbox 1618 2568 1802 2621; x_wconf 71' lang='lat' dir='ltr'>auraS,</span> 
     </span>
     <span class='ocr_line' id='line_1_26' title="bbox 436 2638 1856 2716; baseline -0.001 -17"><span class='ocrx_word' id='word_1_174' title='bbox 436 2659 548 2700; x_wconf 91' lang='lat' dir='ltr'>nec</span> <span class='ocrx_word' id='word_1_175' title='bbox 577 2640 867 2716; x_wconf 89' lang='lat' dir='ltr'>liquidum</span> <span class='ocrx_word' id='word_1_176' title='bbox 894 2658 1108 2715; x_wconf 91' lang='lat' dir='ltr'>corpus</span> <span class='ocrx_word' id='word_1_177' title='bbox 1136 2641 1500 2699; x_wconf 90' lang='lat' dir='ltr'>turbantibus</span> <span class='ocrx_word' id='word_1_178' title='bbox 1528 2640 1674 2697; x_wconf 70' lang='lat' dir='ltr'>aeris</span> <span class='ocrx_word' id='word_1_179' title='bbox 1702 2638 1856 2697; x_wconf 88' lang='lat' dir='ltr'>auris</span> 
     </span>
     <span class='ocr_line' id='line_1_27' title="bbox 438 2729 1874 2803; baseline -0.001 -14"><span class='ocrx_word' id='word_1_180' title='bbox 438 2731 785 2790; x_wconf 90' lang='lat' dir='ltr'>commiscet</span> <span class='ocrx_word' id='word_1_181' title='bbox 806 2751 823 2803; x_wconf 83' lang='lat'>3</span> <span class='ocrx_word' id='word_1_182' title='bbox 871 2731 1007 2789; x_wconf 90' lang='lat' dir='ltr'>sinit</span> <span class='ocrx_word' id='word_1_183' title='bbox 1035 2730 1182 2787; x_wconf 88' lang='lat' dir='ltr'>haec</span> <span class='ocrx_word' id='word_1_184' title='bbox 1210 2729 1478 2788; x_wconf 91' lang='lat' dir='ltr'>violentis</span> <span class='ocrx_word' id='word_1_185' title='bbox 1507 2731 1703 2788; x_wconf 91' lang='lat' dir='ltr'>omnia</span> <span class='ocrx_word' id='word_1_186' title='bbox 1729 2729 1874 2787; x_wconf 89' lang='lat' dir='ltr'>verti</span> 
     </span>
     <span class='ocr_line' id='line_1_28' title="bbox 436 2820 1784 2895; baseline -0.001 -16"><span class='ocrx_word' id='word_1_187' title='bbox 436 2822 779 2891; x_wconf 81' lang='lat' dir='ltr'>turbinibuS,</span> <span class='ocrx_word' id='word_1_188' title='bbox 810 2821 946 2878; x_wconf 87' lang='lat' dir='ltr'>sinit</span> <span class='ocrx_word' id='word_1_189' title='bbox 973 2820 1205 2879; x_wconf 88' lang='lat' dir='ltr'>incertis</span> <span class='ocrx_word' id='word_1_190' title='bbox 1235 2820 1465 2877; x_wconf 82' lang='lat' dir='ltr'>turbare</span> <span class='ocrx_word' id='word_1_191' title='bbox 1494 2821 1784 2895; x_wconf 79' lang='lat' dir='ltr'>procelliS‚</span> 
     </span>
     <span class='ocr_line' id='line_1_29' title="bbox 436 2910 2254 2987; baseline -0.001 -18"><span class='ocrx_word' id='word_1_192' title='bbox 436 2912 561 2987; x_wconf 89' lang='lat' dir='ltr'>ipse</span> <span class='ocrx_word' id='word_1_193' title='bbox 591 2930 729 2969; x_wconf 89' lang='lat' dir='ltr'>suos</span> <span class='ocrx_word' id='word_1_194' title='bbox 757 2911 905 2987; x_wconf 89' lang='lat' dir='ltr'>ignis</span> <span class='ocrx_word' id='word_1_195' title='bbox 933 2920 1098 2969; x_wconf 91' lang='lat' dir='ltr'>certo</span> <span class='ocrx_word' id='word_1_196' title='bbox 1128 2911 1235 2968; x_wconf 90' lang='lat' dir='ltr'>fert</span> <span class='ocrx_word' id='word_1_197' title='bbox 1262 2910 1481 2985; x_wconf 90' lang='lat' dir='ltr'>impete</span> <span class='ocrx_word' id='word_1_198' title='bbox 1511 2910 1727 2968; x_wconf 81' lang='lat' dir='ltr'>labens,</span> <span class='ocrx_word' id='word_1_199' title='bbox 2159 2926 2254 2981; x_wconf 80' lang='lat'>505</span> 
     </span>
     <span class='ocr_line' id='line_1_30' title="bbox 435 3000 2022 3075; baseline -0.002 -15"><span class='ocrx_word' id='word_1_200' title='bbox 435 3021 569 3060; x_wconf 90' lang='lat' dir='ltr'>nam</span> <span class='ocrx_word' id='word_1_201' title='bbox 601 3001 840 3060; x_wconf 90' lang='lat' dir='ltr'>modice</span> <span class='ocrx_word' id='word_1_202' title='bbox 870 3001 1047 3059; x_wconf 89' lang='lat' dir='ltr'>fluere</span> <span class='ocrx_word' id='word_1_203' title='bbox 1075 3010 1250 3075; x_wconf 90' lang='lat' dir='ltr'>atque</span> <span class='ocrx_word' id='word_1_204' title='bbox 1279 3017 1401 3058; x_wconf 89' lang='lat' dir='ltr'>uno</span> <span class='ocrx_word' id='word_1_205' title='bbox 1429 3018 1602 3075; x_wconf 90' lang='lat' dir='ltr'>posse</span> <span class='ocrx_word' id='word_1_206' title='bbox 1631 3000 1867 3058; x_wconf 88' lang='lat' dir='ltr'>aethera</span> <span class='ocrx_word' id='word_1_207' title='bbox 1894 3000 2022 3058; x_wconf 89' lang='lat' dir='ltr'>nisu</span> 
     </span>
     <span class='ocr_line' id='line_1_31' title="bbox 434 3090 1910 3169; baseline -0.001 -19"><span class='ocrx_word' id='word_1_208' title='bbox 434 3093 724 3169; x_wconf 86' lang='lat' dir='ltr'>significat</span> <span class='ocrx_word' id='word_1_209' title='bbox 752 3094 994 3163; x_wconf 75' lang='lat' dir='ltr'>Pont08‚</span> <span class='ocrx_word' id='word_1_210' title='bbox 1024 3109 1182 3149; x_wconf 81' lang='lat' dir='ltr'>mare</span> <span class='ocrx_word' id='word_1_211' title='bbox 1213 3101 1376 3149; x_wconf 90' lang='lat' dir='ltr'>certo</span> <span class='ocrx_word' id='word_1_212' title='bbox 1405 3090 1566 3165; x_wconf 92' lang='lat' dir='ltr'>quod</span> <span class='ocrx_word' id='word_1_213' title='bbox 1597 3091 1720 3148; x_wconf 89' lang='lat' dir='ltr'>fluit</span> <span class='ocrx_word' id='word_1_214' title='bbox 1747 3100 1910 3149; x_wconf 89' lang='lat' dir='ltr'>aestu</span> 
     </span>
     <span class='ocr_line' id='line_1_32' title="bbox 432 3182 1795 3255; baseline -0.001 -13"><span class='ocrx_word' id='word_1_215' title='bbox 432 3202 621 3242; x_wconf 92' lang='lat' dir='ltr'>unum</span> <span class='ocrx_word' id='word_1_216' title='bbox 648 3182 885 3245; x_wconf 87' lang='lat' dir='ltr'>labendi</span> <span class='ocrx_word' id='word_1_217' title='bbox 914 3200 1265 3240; x_wconf 88' lang='lat' dir='ltr'>conservans</span> <span class='ocrx_word' id='word_1_218' title='bbox 1294 3198 1480 3255; x_wconf 90' lang='lat' dir='ltr'>usque</span> <span class='ocrx_word' id='word_1_219' title='bbox 1511 3191 1795 3240; x_wconf 89' lang='lat' dir='ltr'>tenorem.</span> 
     </span>
    </p>

    <p class='ocr_par' dir='ltr' id='par_1_15' title="bbox 430 3272 2252 3618">
     <span class='ocr_line' id='line_1_33' title="bbox 517 3272 2140 3351; baseline 0 -20"><span class='ocrx_word' id='word_1_220' title='bbox 517 3272 819 3351; x_wconf 89' lang='lat' dir='ltr'>[Motibus</span> <span class='ocrx_word' id='word_1_221' title='bbox 848 3280 1133 3330; x_wconf 86' lang='lat' dir='ltr'>astrorum</span> <span class='ocrx_word' id='word_1_222' title='bbox 1164 3290 1321 3329; x_wconf 91' lang='lat' dir='ltr'>nunc</span> <span class='ocrx_word' id='word_1_223' title='bbox 1351 3289 1504 3344; x_wconf 88' lang='lat' dir='ltr'>quae</span> <span class='ocrx_word' id='word_1_224' title='bbox 1533 3272 1606 3329; x_wconf 92' lang='lat' dir='ltr'>sit</span> <span class='ocrx_word' id='word_1_225' title='bbox 1634 3290 1810 3330; x_wconf 90' lang='lat' dir='ltr'>causa</span> <span class='ocrx_word' id='word_1_226' title='bbox 1839 3289 2140 3331; x_wconf 79' lang='lat' dir='ltr'>canamuS.</span> 
     </span>
     <span class='ocr_line' id='line_1_34' title="bbox 430 3362 2252 3441; baseline -0.003 -18"><span class='ocrx_word' id='word_1_227' title='bbox 430 3364 723 3441; x_wconf 86' lang='lat' dir='ltr'>principio</span> <span class='ocrx_word' id='word_1_228' title='bbox 752 3380 999 3437; x_wconf 88' lang='lat' dir='ltr'>magnus</span> <span class='ocrx_word' id='word_1_229' title='bbox 1029 3362 1175 3420; x_wconf 89' lang='lat' dir='ltr'>caeli</span> <span class='ocrx_word' id='word_1_230' title='bbox 1206 3363 1252 3419; x_wconf 91' lang='lat' dir='ltr'>si</span> <span class='ocrx_word' id='word_1_231' title='bbox 1281 3362 1526 3421; x_wconf 90' lang='lat' dir='ltr'>vortitur</span> <span class='ocrx_word' id='word_1_232' title='bbox 1553 3363 1727 3433; x_wconf 88' lang='lat' dir='ltr'>orbis,</span> <span class='ocrx_word' id='word_1_233' title='bbox 2158 3380 2252 3431; x_wconf 82' lang='lat'>510</span> 
     </span>
     <span class='ocr_line' id='line_1_35' title="bbox 431 3452 1857 3530; baseline -0.003 -16"><span class='ocrx_word' id='word_1_234' title='bbox 431 3475 507 3514; x_wconf 81' lang='lat' dir='ltr'>ex</span> <span class='ocrx_word' id='word_1_235' title='bbox 537 3465 783 3530; x_wconf 86' lang='lat' dir='ltr'>utraque</span> <span class='ocrx_word' id='word_1_236' title='bbox 812 3453 1023 3529; x_wconf 90' lang='lat' dir='ltr'>polum</span> <span class='ocrx_word' id='word_1_237' title='bbox 1053 3452 1201 3527; x_wconf 91' lang='lat' dir='ltr'>parti</span> <span class='ocrx_word' id='word_1_238' title='bbox 1230 3470 1494 3527; x_wconf 89' lang='lat' dir='ltr'>premere</span> <span class='ocrx_word' id='word_1_239' title='bbox 1525 3456 1659 3511; x_wconf 66' lang='lat' dir='ltr'>aera</span> <span class='ocrx_word' id='word_1_240' title='bbox 1687 3452 1857 3511; x_wconf 90' lang='lat' dir='ltr'>nobis</span> 
     </span>
     <span class='ocr_line' id='line_1_36' title="bbox 432 3543 2168 3618; baseline -0.003 -12"><span class='ocrx_word' id='word_1_241' title='bbox 432 3546 760 3606; x_wconf 88' lang='lat' dir='ltr'>dicendum</span> <span class='ocrx_word' id='word_1_242' title='bbox 790 3553 879 3602; x_wconf 90' lang='lat' dir='ltr'>est</span> <span class='ocrx_word' id='word_1_243' title='bbox 908 3553 1186 3618; x_wconf 87' lang='lat' dir='ltr'>extraque</span> <span class='ocrx_word' id='word_1_244' title='bbox 1217 3552 1414 3602; x_wconf 89' lang='lat' dir='ltr'>tenere</span> <span class='ocrx_word' id='word_1_245' title='bbox 1445 3552 1505 3599; x_wconf 93' lang='lat' dir='ltr'>et</span> <span class='ocrx_word' id='word_1_246' title='bbox 1533 3543 1804 3602; x_wconf 90' lang='lat' dir='ltr'>claudere</span> <span class='ocrx_word' id='word_1_247' title='bbox 1835 3543 2127 3617; x_wconf 90' lang='lat' dir='ltr'>utrimque</span> <span class='ocrx_word' id='word_1_248' title='bbox 2145 3562 2168 3614; x_wconf 65' lang='lat'>5</span> 
     </span>
    </p>
   </div>
  </div>
 </body>
</html>
