2784 3992
475 303 605 377 v1.]
962 303 1071 356 DE
1123 305 1416 359 RERUM
1472 306 1817 360 NATURA
2169 292 2288 371 183

554 467 660 524 Est
686 465 863 523 etiam
891 465 1057 539 ratiO‚
1086 483 1224 523 cum
1253 466 1409 524 venti
1439 467 1637 525 nubila
1664 466 1926 542 perflant,

472 565 535 614 ut
562 556 784 615 sonitus
812 556 1046 615 faciant.
1076 556 1295 615 etenim
1325 574 1554 614 ramosa
1579 555 1846 615 videmus

472 647 667 705 nubila
693 664 870 722 saepe
900 645 1093 706 modis
1121 647 1315 705 multis
1343 658 1517 721 atque
1547 666 1751 723 aspera
1779 647 1910 706 ferri
1930 668 1950 721 3

470 738 690 797 scilicet
717 747 802 810 ut,
830 738 1095 796 crebram
1124 738 1325 796 silvam
1354 756 1490 795 cum
1521 738 1756 795 flamina
1782 739 1941 796 cauri
2189 757 2277 811 135

472 829 733 904 perflant,
763 828 907 887 dant
935 830 1190 887 sonitum
1218 828 1457 886 frondes
1484 830 1748 903 ramique
1778 830 2083 904 fragorem.

469 920 534 977 fit
562 938 800 994 quoque
830 929 895 977 ut
920 919 1215 978 interdum
1242 916 1418 978 validi
1448 919 1532 977 vis
1563 920 1742 977 incita
1769 921 1926 978 venti

468 1008 803 1085 perscindat
831 1011 1048 1068 nubem
1079 1010 1444 1086 perfringens
1474 1010 1692 1086 impete
1720 1019 1903 1069 rect0.

468 1119 605 1158 nam
634 1100 779 1175 quid
807 1102 992 1175 possit
1020 1100 1099 1158 ibi
1128 1100 1295 1158 flatus
1324 1100 1632 1158 manifesta
1660 1100 1841 1159 docet
1868 1119 1977 1173 res,

468 1190 583 1262 hic,
612 1191 714 1249 ubi
741 1191 927 1248 lenior
955 1199 1061 1262 est,
1092 1190 1153 1247 in
1180 1199 1330 1248 terra
1357 1208 1495 1247 cum
1524 1199 1724 1248 tamen
1752 1191 1867 1249 alta
2191 1211 2282 1259 140

413 1268 415 1273 ’
468 1282 701 1339 arbusta
728 1280 1002 1339 evolvens
1027 1278 1320 1339 radicibus
1348 1280 1539 1339 haurit
1567 1281 1642 1339 ab
1670 1280 1818 1339 imis.

466 1381 602 1429 sunt
630 1372 806 1429 etiam
834 1370 1043 1429 fluctus
1072 1389 1177 1446 per
1203 1371 1422 1443 nubila,
1451 1371 1553 1446 qui
1580 1371 1745 1446 quasi
1773 1388 2032 1429 murmur

466 1461 610 1520 dant
637 1463 696 1519 in
724 1461 1006 1537 fragendo
1035 1461 1317 1537 graviter3
1360 1462 1525 1536 quod
1555 1462 1693 1520 item
1714 1462 1786 1535 ,fit
1813 1462 1874 1519 in
1902 1462 2028 1520 altis

466 1552 797 1610 fluminibus
826 1569 1159 1627 magnoque
1189 1553 1352 1624 mari,
1381 1571 1520 1609 cum
1548 1552 1827 1627 frangitur
1853 1561 2063 1610 aestuS.

465 1642 530 1701 fit
557 1661 816 1718 quoque,
844 1642 946 1699 ubi
975 1660 1008 1699 e
1037 1643 1178 1700 nubi
1207 1642 1267 1700 in
1296 1643 1516 1700 nubem
1543 1643 1628 1701 vis
1656 1642 1862 1701 incidit
1889 1641 2100 1701 ardens
2189 1659 2277 1714 145

463 1732 737 1805 fulminiS,
768 1733 913 1791 haec
941 1733 1124 1791 multo
1153 1734 1200 1791 si
1229 1733 1376 1791 forte
1406 1751 1610 1791 umore
1638 1734 1863 1807 recepit

464 1816 680 1899 ignem,
711 1824 992 1881 continuo
1022 1832 1085 1881 ut
1113 1842 1327 1899 magno
1357 1824 1611 1882 clamore
1641 1823 1892 1881 trucidet
1914 1842 1935 1896 3

464 1925 528 1971 ut
555 1914 757 1971 calidis
784 1912 1047 1972 candens
1075 1914 1286 1971 ferrum
1318 1932 1350 1972 e
1380 1914 1712 1972 fornacibus
1742 1914 1882 1972 olim
2158 1898 2196 1951 χ

464 2004 669 2077 stridit,
697 2004 797 2063 ubi
827 2005 886 2062 in
914 2003 1175 2079 gelidum
1201 2023 1453 2080 propere
1483 2004 1868 2064 demersimus
1896 2003 2161 2062 imbrem.

462 2094 677 2153 aridior
702 2112 877 2171 porro
907 2095 954 2153 si
982 2096 1170 2154 nubes
1199 2096 1416 2170 accipit
1446 2097 1660 2171 ignem,
2187 2111 2282 2166 150

463 2186 644 2243 uritur
670 2186 894 2261 ingenti
922 2187 1114 2245 sonitu
1144 2204 1430 2244 succensa
1458 2195 1698 2261 repente
1720 2206 1740 2259 ;

461 2276 815 2336 lauricomos
843 2286 907 2334 ut
935 2277 983 2335 si
1012 2295 1117 2352 per
1146 2277 1359 2359 montis
1388 2276 1624 2334 flamma
1652 2286 1892 2351 vagetur

461 2368 691 2426 turbine
718 2378 1028 2426 ventorum
1057 2368 1410 2426 comburens
1439 2368 1656 2441 impete
1686 2385 1902 2442 magno
1925 2385 1942 2439 ;

460 2477 574 2516 nec
601 2477 694 2516 res
722 2458 837 2516 ulla
863 2458 1047 2533 magis
1077 2476 1255 2533 quam
1288 2458 1511 2515 Phoebi
1543 2458 1833 2533 Delphica
1861 2458 2052 2515 laurus

459 2548 695 2607 terribili
725 2549 919 2607 sonitu
951 2548 1183 2605 flamma
1214 2549 1537 2623 crepitante
1565 2558 1873 2605 crematur.
2188 2565 2276 2618 155

460 2638 718 2714 denique
747 2656 922 2713 saepe
952 2639 1065 2714 geli
1093 2639 1307 2697 multus
1334 2639 1526 2713 fragor
1554 2649 1730 2713 atque
1757 2640 1926 2696 ruina

460 2728 758 2805 grandinis
786 2729 847 2786 in
876 2729 1100 2805 magnis
1129 2730 1384 2787 sonitum
1414 2728 1516 2786 dat
1544 2729 1794 2787 nubibus
1823 2729 1959 2788 alte.

461 2830 667 2878 ventus
696 2820 854 2877 enim
884 2838 1023 2877 cum
1051 2820 1351 2891 confercit‚
1380 2820 1739 2895 franguntur,
1770 2820 1829 2876 in
1859 2828 2068 2891 artum,

424 2910 723 3007 4concreti
751 2920 983 2967 montes
1012 2910 1345 2968 nimborum
1375 2920 1435 2968 et
1463 2908 1746 2985 grandine
1776 2909 1958 2968 mixti.

460 3109 768 3149 excussere
798 3109 905 3149 suo
934 3110 1223 3149 concursu
1246 3112 1263 3164 ;
1308 3110 1420 3149 ceu
1449 3090 1704 3165 lapidem
1736 3092 1785 3149 si

463 3182 753 3257 percutiat
780 3182 924 3257 lapis
954 3191 1053 3239 aut
1082 3183 1294 3239 ferrum
1316 3202 1333 3253 3
1378 3200 1518 3239 nam
1550 3190 1671 3239 tum
1703 3199 1940 3256 quoque
1970 3181 2167 3237 lumen

460 3272 621 3330 exilit
649 3281 711 3329 et
739 3272 923 3329 claras
952 3271 1223 3329 scintillas
1253 3271 1498 3345 dissipat
1525 3272 1689 3347 igniS.

460 3361 565 3419 sed
594 3361 873 3420 tonitrum
904 3362 968 3419 fit
997 3362 1081 3419 uti
1110 3371 1244 3436 post
1272 3363 1505 3420 auribus
1533 3361 1906 3436 accipiamuS,

456 3452 675 3527 fulgere
707 3470 882 3527 quam
912 3461 1153 3509 cernant
1181 3452 1355 3519 oculi,
1387 3453 1526 3525 quia
1553 3469 1785 3526 semper
1813 3449 1889 3508 ad
1919 3449 2069 3507 auris
2190 3452 2276 3515 165

454 3542 679 3601 tardius
707 3540 1029 3601 adveniunt
1057 3561 1235 3617 quam
1265 3543 1450 3599 visum
1481 3558 1632 3615 quae
1663 3548 1939 3598 moveant
1967 3556 2072 3595 reS.

540 2999 736 3075 Fulgit
764 3001 923 3072 item,
952 3001 1139 3059 nubes
1168 3001 1315 3075 ignis
1345 3019 1479 3058 cum
1513 3001 1736 3057 semina
1764 3000 1946 3058 multa
2191 3008 2281 3054 160
2374 3024 2379 3029 ·
