2784 3992
379 290 498 369 146
1044 302 1509 357 LUCRETIUS
2079 301 2173 372 [v.

368 484 442 523 ex
469 465 584 524 alio
611 474 784 540 atque
816 465 928 523 alio
956 464 1149 522 lucem
1179 464 1393 521 iactare
1424 464 1662 522 subortu

368 566 426 613 et
454 556 706 631 primum
732 555 1014 631 quicquid
1044 554 1407 613 flammarum
1437 554 1683 629 perdere
1711 571 1979 629 semper3

367 646 714 705 inviolabilia
740 646 886 703 haec
915 664 990 703 ne
1020 643 1224 703 credas
1253 645 1400 702 forte
1427 644 1637 719 vigere.
2085 658 2178 716 305

450 736 721 811 Denique
751 754 871 794 non
900 734 1122 810 lapides
1152 751 1389 809 quoque
1418 734 1573 792 vinci
1608 734 1797 792 cernis
1825 734 1901 794 ab
1927 752 2093 806 aev0,
2225 738 2233 745 '

367 845 489 884 non
516 826 658 885 altas
686 826 852 894 turris
880 844 1045 884 ruere
1075 836 1134 883 et
1162 836 1495 901 putrescere
1525 842 1680 897 saxa,

368 935 490 975 non
519 916 761 975 delubra
789 916 968 974 deum
998 917 1421 991 simulacraque
1450 916 1602 973 fessa
1629 914 1833 989 fatisci,

371 1026 484 1064 nec
513 1016 779 1065 sanctum
810 1026 1030 1065 numen
1060 1008 1158 1065 fati
1187 1006 1498 1082 protollere
1527 1004 1657 1065 finis

366 1116 541 1173 posse
569 1116 764 1173 neque
793 1098 1069 1157 adversus
1099 1107 1335 1155 naturae
1365 1096 1606 1155 foedera
1632 1095 1779 1156 niti?
2084 1116 2183 1167 310

366 1188 624 1263 denique
654 1207 777 1247 non
806 1189 1168 1246 monimenta
1195 1187 1634 1263 virum'dilapsa
1661 1185 1927 1246 videmus

366 1297 643 1354 quaerere
670 1297 956 1354 proporro
985 1278 1095 1337 sibi
1123 1297 1265 1337 sene
1294 1294 1600 1337 senescere
1630 1278 1834 1337 credas

367 1388 487 1427 non
515 1387 680 1427 ruere
709 1369 937 1428 avolsos
966 1369 1155 1427 silices
1184 1387 1221 1427 a
1247 1368 1547 1427 montibus
1575 1368 1700 1427 altis

364 1479 477 1517 nec
505 1458 722 1517 validas
750 1460 878 1517 aevi
905 1460 1054 1517 vires
1082 1458 1336 1534 perferre
1365 1459 1604 1534 patique

363 1550 550 1608 finiti?
577 1568 772 1625 neque
802 1550 962 1607 enim
990 1549 1270 1607 caderent
1297 1550 1495 1608 avolsa
1520 1557 1781 1625 repente,
2084 1567 2179 1621 315

363 1661 437 1698 ex
466 1641 692 1699 infinito
721 1658 873 1715 quae
903 1650 1173 1715 tempore
1203 1641 1656 1715 pertolerassent

362 1731 562 1790 omnia
588 1740 879 1793 tormenta
905 1731 1109 1789 aetatis
1138 1730 1358 1805 privata
1386 1730 1628 1805 fragore.

446 1822 717 1897 Denique
735 1822 851 1879 iam
869 1830 1029 1879 tuere
1053 1821 1186 1894 hoc,
1204 1821 1428 1878 circum
1445 1837 1736 1896 supraque
1753 1819 1918 1896 quod
1939 1839 2180 1879 ornnem

362 1912 624 1971 continet
648 1911 921 1986 amplexu
950 1921 1157 1969 terram
1182 1933 1195 1969 ε
1242 1911 1289 1969 si
1318 1921 1588 1985 procreat
1616 1929 1690 1969 ex
1717 1929 1780 1969 se
2099 1964 2114 1993 ρ

362 2003 577 2069 omnia,
596 2002 760 2077 quod
777 2001 1015 2077 quidam
1035 2011 1379 2072 memorant,
1403 2002 1724 2077 recipitque
1742 2010 2064 2077 perempta,
2081 2021 2181 2072 320

361 2104 550 2151 totum
578 2093 834 2150 nativum
864 2092 1091 2150 mortali
1119 2096 1369 2167 corp‘ore
1401 2101 1648 2151 constat.

361 2202 496 2241 narn
528 2182 948 2257 quodcumque
976 2183 1115 2241 alias
1145 2201 1219 2240 ex
1246 2201 1308 2240 se
1338 2201 1432 2240 res
1459 2192 1634 2258 auget
1662 2182 1896 2257 alitque,

362 2273 624 2331 deminui
652 2272 848 2344 debet,
878 2273 1143 2344 recreari,
1174 2292 1309 2330 cum
1337 2273 1548 2348 recipit
1575 2291 1684 2331 res.

445 2366 752 2422 Praeterea
779 2363 826 2421 si
854 2364 1012 2420 nulla
1040 2364 1145 2422 fuit
1171 2363 1435 2439 genitalis
1465 2364 1628 2439 origo

363 2465 641 2512 terrarum
671 2464 729 2512 et
758 2453 903 2511 caeli
934 2471 1285 2528 semperque
1314 2464 1553 2511 aeterna
1579 2455 1760 2525 fuere,
2083 2472 2179 2525 325

362 2564 465 2602 cur
494 2562 703 2619 supera
730 2544 948 2602 bellurn
976 2543 1329 2605 Thebanum
1358 2553 1418 2601 et
1445 2544 1646 2625 funera
1672 2544 1883 2601 Troiae

362 2654 483 2693 non
512 2635 649 2696 alias
678 2635 773 2692 alii
802 2652 1042 2710 quoque
1070 2654 1161 2693 res
1190 2636 1462 2693 cecinere
1494 2644 1707 2709 poetae
1725 2636 1752 2691 ?

364 2744 483 2800 quo
513 2735 601 2784 tot
629 2726 785 2783 facta
810 2725 996 2783 virum
1027 2726 1243 2786 totiens
1271 2724 1544 2783 cecidere
1573 2742 1768 2799 neque
1798 2743 2046 2799 usquam

364 2817 613 2873 aeternis
644 2816 833 2873 famae
862 2816 1239 2874 monimentis
1269 2816 1440 2873 insita
1468 2815 1719 2873 florent?

362 2925 581 2977 verum,
605 2916 667 2963 ut
690 2907 917 2979 opinor,
942 2907 1118 2965 habet
1138 2906 1458 2963 novitatem
1481 2924 1710 2963 summa
1731 2924 2053 2980 recensque
2083 2926 2180 2976 330
2256 2953 2260 2957 ,

364 3006 617 3054 naturast
644 2996 851 3053 mundi
880 3015 1074 3071 neque
1106 2996 1334 3071 pridem
1364 2995 1608 3053 exordia
1636 2996 1809 3071 cepit.

363 3106 541 3163 quare
572 3087 745 3144 etiam
775 3086 1068 3161 quaedam
1098 3105 1255 3144 nunc
1285 3096 1437 3144 artes
1467 3087 1856 3161 expoliuntur,

363 3198 521 3236 nunc
549 3179 725 3235 etiarn
753 3187 1075 3251 augescunt
1094 3198 1111 3249 3
1156 3196 1313 3235 nunc
1344 3177 1548 3235 addita
1575 3177 1816 3251 navigiis
1845 3187 1978 3235 sunt

365 3270 563 3341 multa,
592 3267 775 3326 modo
806 3268 1066 3342 organici
1095 3267 1337 3325 melicos
1366 3285 1648 3341 peperere
1679 3286 1937 3325 sonores,

365 3360 621 3434 denique
650 3369 855 3417 natura
880 3358 1028 3416 haec
1057 3376 1253 3415 rerum
1282 3359 1544 3433 ratioque
1573 3367 1855 3433 repertast
2081 3377 2174 3431 335

365 3468 568 3525 nuper,
599 3460 657 3508 et
686 3450 838 3507 hanc
865 3450 1083 3524 primus
1113 3468 1249 3507 curn
1278 3449 1479 3524 primis
1509 3449 1631 3523 ipse
1662 3457 1924 3523 repertus

366 3559 523 3598 nunc
553 3559 665 3617 ego
693 3560 822 3598 sum
850 3541 910 3598 in
937 3540 1149 3615 patrias
1177 3540 1279 3615 qui
1307 3539 1526 3615 possim
1557 3549 1777 3597 vertere
1811 3557 2006 3597 voces,
