2784 3992
378 322 403 367 1
420 305 507 368 80
1040 320 1508 375 LUCRETIUS
2047 322 2184 392 [v1.

368 476 636 537 veridicis
664 478 835 554 igitur
860 480 1126 556 purgavit
1152 489 1397 555 pectora
1423 479 1596 540 dictis

369 577 428 625 et
454 568 635 626 finem
664 570 861 627 statuit
888 570 1241 645 cuppedinis
1268 580 1446 647 atque
1473 572 1698 630 timoris
2127 588 2189 643 25

367 659 754 735 exposuitque
783 660 1008 719 bonum
1036 680 1332 719 summum
1362 680 1485 737 quo
1512 662 1812 720 tendimus
1841 681 2052 720 omnes

366 748 511 824 quid
538 749 706 822 foret,
736 760 911 825 atque
939 751 1093 809 viam
1122 752 1484 825 monstravit,
1512 753 1741 811 tramite
1775 771 1957 828 parvo

365 858 483 914 qua
509 859 815 915 possemus
842 840 920 899 ad
948 842 1011 901 id
1038 852 1203 901 recto
1230 842 1596 919 contendere
1624 862 1815 913 cursu,

366 930 582 1005 quidve
611 932 747 989 mali
774 932 923 991 foret
951 932 1013 990 in
1038 934 1212 992 rebus
1240 933 1568 992 mortalibu’
1597 934 1834 1009 passim,

365 1020 529 1096 quod
556 1022 722 1080 fieret
748 1023 992 1080 naturali
1020 1024 1293 1099 varieque
1322 1024 1544 1081 volaret
2123 1042 2192 1095 30

365 1130 469 1169 seu
497 1130 638 1170 casu
668 1130 773 1171 seu
800 1112 874 1186 vi,
904 1112 1069 1188 quod
1098 1114 1182 1172 sic
1211 1124 1420 1173 natura
1447 1123 1726 1189 parasset,

365 1210 424 1258 et
452 1203 665 1277 quibus
693 1220 728 1260 e
754 1203 937 1278 portis
965 1205 1195 1262 occurri
1222 1204 1438 1279 cuique
1468 1204 1728 1277 deceret,

365 1302 425 1351 et
450 1310 635 1368 genus
664 1291 983 1352 humanum
1014 1295 1220 1353 frustra
1246 1294 1593 1370 plerumque
1621 1294 1891 1370 probavit

362 1383 592 1440 volvere
622 1401 891 1441 curarum
919 1384 1093 1443 tristis
1120 1384 1182 1443 in
1209 1394 1454 1460 pectore
1485 1384 1716 1445 fluctus.

364 1491 502 1531 nam
527 1474 704 1531 veluti
733 1474 897 1548 pueri
926 1474 1222 1550 trepidant
1248 1485 1427 1551 atque
1457 1476 1659 1534 omnia
1684 1475 1876 1533 caecis
2121 1492 2182 1547 35

365 1563 423 1620 in
450 1564 704 1622 tenebris
734 1573 1021 1637 metuunt,
1050 1566 1136 1623 sic
1164 1583 1274 1624 nos
1301 1566 1364 1623 in
1391 1566 1526 1624 luce
1552 1566 1826 1624 timemus

364 1653 676 1726 interdum,
706 1654 825 1713 nilo
853 1673 1006 1729 quae
1034 1665 1171 1723 sunt
1198 1654 1522 1715 metuenda
1548 1657 1733 1732 magis
1761 1674 1941 1731 quam

364 1762 515 1818 quae
542 1746 708 1820 pueri
736 1745 797 1802 in
826 1747 1081 1805 tenebris
1110 1747 1368 1821 pavitant
1400 1748 1747 1822 finguntque
1775 1746 1984 1805 futura.

364 1833 520 1892 hunc
548 1835 718 1909 igitur
744 1845 1025 1894 terrorem
1054 1836 1236 1893 animi
1262 1838 1655 1911 tenebrasque
1685 1845 1987 1895 necessest

363 1943 485 1983 non
513 1925 657 1983 ra'dii
687 1926 823 1985 solis
851 1944 964 1984 nec
992 1925 1189 1984 lucida
1215 1926 1333 1984 tela
1360 1926 1481 1985 diei
2121 1948 2184 1997 40

364 2015 694 2089 discutiant,
724 2015 831 2075 sed
859 2026 1100 2075 naturae
1130 2018 1359 2092 species
1386 2018 1674 2093 ratioque.

364 2125 484 2181 quo
513 2107 696 2182 magis
726 2107 1031 2183 inceptum
1060 2126 1300 2183 pergam
1331 2119 1637 2183 pertexere
1669 2108 1862 2169 dictis.

445 2198 522 2254 Et
549 2198 827 2271 quoniam
858 2197 1039 2257 docui
1069 2198 1277 2257 mundi
1306 2199 1576 2257 mortalia
1603 2200 1826 2277 templa

364 2304 491 2344 esse
522 2297 581 2344 et
609 2288 805 2345 nativo
833 2289 1157 2347 consistere
1185 2307 1436 2365 corpore
1466 2290 1714 2363 caelum,

366 2386 424 2434 et
450 2395 859 2453 quaecumque
888 2379 948 2436 in
978 2397 1053 2437 eo
1082 2378 1231 2438 fiunt
1258 2380 1502 2456 fierique
1530 2391 1847 2455 necessest,
2117 2399 2178 2452 45

364 2469 641 2543 pleraque
670 2469 929 2538 ressolui,
961 2487 1114 2544 quae
1142 2480 1362 2529 restant
1388 2472 1632 2547 percipe
1661 2490 1857 2547 porr0,

365 2558 847 2634 quandoquidem
877 2561 1061 2617 semel
1090 2561 1379 2637 insignem
1407 2562 1816 2621 conscendere
1844 2580 2076 2621 currum

1264 2650 1302 2687 ιιι

364 2750 687 2814 ventorum,
720 2761 794 2800 ex
822 2742 906 2799 ira
934 2752 1000 2799 ut
1028 2743 1350 2818 placentur,
1379 2753 1445 2802 ut
1472 2744 1674 2803 omnia
1699 2763 1925 2803 rursum

365 2850 515 2905 quae
544 2832 754 2891 fuerint
780 2833 894 2890 sint
923 2834 1158 2909 placato
1185 2853 1469 2893 conversa
1493 2835 1703 2894 furore.

366 2930 559 2979 cetera
587 2941 736 2997 quae
765 2924 890 2983 fieri
919 2925 981 2983 in
1009 2925 1171 2983 terris
1200 2926 1484 3001 caeloque
1512 2935 1747 2984 tuentur
2117 2943 2177 2997 50

367 3013 654 3085 mortaleS,
683 3014 910 3088 pavidis
937 3034 1077 3073 cum
1104 3016 1371 3091 pendent
1401 3017 1684 3075 mentibu’
1717 3034 1914 3094 saepe,

368 3112 425 3159 et
454 3102 670 3161 faciunt
697 3105 925 3165 animos
954 3106 1188 3165 humilis
1216 3107 1528 3166 formidine
1559 3106 1758 3166 divom

368 3192 793 3270 depressosque
822 3207 1098 3272 premunt
1124 3197 1203 3256 ad
1228 3208 1441 3256 terram
1470 3209 1784 3274 propterea
1809 3197 1974 3275 quod

368 3284 693 3357 ignorantia
721 3306 1026 3345 causarum
1056 3289 1322 3346 conferre
1352 3288 1601 3347 deorum

367 3375 524 3448 cogit
554 3376 630 3433 ad
660 3378 971 3452 imperium
999 3397 1091 3435 res
1120 3389 1179 3436 et
1206 3379 1542 3437 concedere
1569 3398 1835 3455 regnum.
2111 3394 2165 3446 55

368 3482 502 3521 nam
534 3468 687 3523 bene
720 3469 817 3541 qui
849 3468 1110 3526 didicere
1141 3468 1287 3527 deos
1318 3488 1588 3528 securum
1619 3489 1792 3545 agere
1822 3489 2045 3542 aevom,

369 3555 417 3611 si
446 3565 643 3612 tamen
674 3557 893 3613 interea
925 3560 1202 3615 mirantur
1230 3578 1347 3632 qua
1374 3560 1600 3617 ratione
