2784 3992
422 312 504 392 38
1082 322 1546 380 LUCRETms
2115 321 2229 395 [11.

421 488 750 565 significant
778 486 1172 546 clandestinos
1201 504 1531 561 caecosque
1560 487 1816 545 subesse.

422 580 601 638 multa
628 579 853 639 videbis
881 579 1038 636 enim
1066 578 1247 653 plagis
1277 578 1356 635 ibi
1385 578 1607 652 percita
1633 578 1826 635 caecis

421 680 782 729 commutare
811 670 961 727 viam
991 680 1261 744 retroque
1290 670 1522 743 repulsa
1547 669 1752 741 reverti
2139 688 2230 739 130

420 780 577 818 nunc
606 762 721 819 huc
750 779 907 818 nunc
934 761 1068 817 illuc
1096 760 1157 817 in
1185 771 1425 821 cunctas
1453 759 1714 833 undique
1743 759 1938 835 partis·

420 852 640 910 scilicet
669 852 763 908 hic
792 870 826 908 a
852 851 1149 926 principiis
1177 859 1264 908 est
1290 850 1564 907 omnibus
1593 868 1766 908 error.

419 942 606 1016 prima
633 951 940 1000 moventur
966 942 1126 998 enirn
1154 959 1260 1017 per
1288 959 1349 998 se
1379 939 1699 1015 primordia
1725 958 1916 998 rerum
1937 961 1956 1014 ;

419 1032 556 1090 inde
587 1052 659 1090 ea
686 1050 837 1107 quae
866 1050 1045 1108 parvo
1074 1041 1210 1090 sunt
1236 1049 1488 1107 corpora
1513 1032 1824 1090 conciliatu

420 1133 479 1181 et
507 1124 672 1198 quasi
700 1124 965 1199 proxima
994 1132 1128 1181 sunt
1155 1121 1232 1181 ad
1259 1123 1391 1180 viris
1420 1122 1859 1197 principiorum,
2137 1139 2225 1192 135

418 1214 627 1272 ictibus
655 1213 881 1273 illorum
912 1214 1103 1272 caecis
1130 1212 1359 1289 inpulsa
1384 1214 1629 1285 cientur,

418 1305 659 1379 ipsaque
688 1322 972 1380 proporro
1000 1304 1176 1379 paulo
1206 1303 1429 1362 maiora
1455 1303 1767 1362 lacessunt.

418 1396 502 1451 sic
530 1413 565 1451 a
591 1395 889 1470 principiis
916 1394 1180 1453 ascendit
1208 1403 1405 1452 motus
1433 1403 1493 1453 et
1520 1394 1639 1451 exit

416 1486 693 1560 paulatim
720 1495 949 1545 nostros
978 1484 1055 1543 ad
1082 1503 1303 1557 sensuS,
1331 1494 1399 1543 ut
1426 1492 1770 1542 moveantur

417 1576 511 1634 illa
538 1594 794 1651 quoque,
822 1577 887 1635 in
914 1576 1049 1635 solis
1078 1594 1231 1649 quae
1256 1576 1477 1633 lumine
1507 1593 1744 1633 cernere
1773 1574 2005 1649 quimus
2133 1596 2228 1644 140

417 1685 527 1724 nec
556 1667 766 1741 quibus
788 1666 850 1726 id
878 1667 1093 1725 faciant
1120 1666 1301 1741 plagis
1330 1674 1575 1741 apparet
1601 1674 1820 1741 aperte.

498 1758 675 1815 Nunc
703 1776 855 1833 quae
885 1757 1175 1816 mobilitas
1203 1757 1276 1815 sit
1300 1756 1532 1815 reddita
1563 1756 1820 1813 materiai

416 1849 774 1923 corporibuS,
805 1848 1007 1924 paucis
1035 1847 1173 1906 licet
1200 1847 1337 1905 hinc
1365 1864 1746 1923 cognoscere,
1778 1846 2044 1904 Memmi.

416 1939 667 2013 primum
695 1957 901 1996 aurora
926 1956 1085 1996 novo
1114 1956 1250 1996 cum
1278 1938 1495 2040 spargit
1521 1937 1739 1993 lumine
1767 1946 1944 1993 terras

416 2039 475 2086 et
503 2030 691 2087 variae
719 2029 983 2087 volucres
1011 2046 1255 2086 nemora
1281 2028 1410 2085 avia
1435 2028 1849 2103 pervolitantes
2135 2045 2223 2097 145

416 2121 549 2177 aera
575 2138 681 2195 per
707 2129 973 2177 tenerum
1000 2118 1231 2192 liquidis
1261 2119 1391 2177 loca
1419 2120 1662 2177 vocibus
1692 2119 1956 2193 opplent,

417 2229 593 2285 quam
620 2211 811 2269 subito
841 2210 1023 2267 soleat
1051 2209 1138 2267 sol
1166 2219 1324 2267 ortus
1352 2218 1618 2310 tempore
1647 2209 1746 2267 tali

418 2300 740 2358 convestire
770 2318 877 2358 sua
902 2299 1258 2375 perfundens
1286 2299 1488 2357 omnia
1513 2299 1664 2370 luce,

416 2391 687 2448 omnibus
716 2391 774 2447 in
805 2401 1082 2465 promptu
1112 2390 1604 2464 manifestumque
1633 2406 1762 2447 esse
1789 2386 2074 2447 videmus

416 2491 475 2539 at
501 2500 683 2556 vapor
709 2482 757 2540 is
785 2500 964 2555 quem
992 2481 1078 2539 sol
1106 2481 1280 2539 mittit
1306 2481 1623 2554 lumenque
1654 2496 1926 2537 serenum
2134 2496 2229 2550 150

415 2590 537 2629 non
564 2590 672 2647 per
699 2572 871 2630 inane
912 2580 1070 2629 meat
1096 2589 1345 2629 vacuum
1367 2592 1386 2644 ς
1429 2589 1550 2646 quo
1579 2570 1798 2628 tardius
1825 2569 1909 2627 ire

416 2662 659 2737 cogitur,
690 2663 869 2723 aerias
897 2662 1063 2737 quasi
1091 2661 1233 2719 dum
1263 2661 1590 2721 diverberet
1616 2660 1823 2718 undaS.

417 2772 529 2811 nec
557 2754 878 2829 singillatim
910 2753 1253 2828 corpuscula
1280 2770 1551 2827 quaeque
1579 2751 1808 2826 vaporis

417 2842 523 2902 sed
552 2845 861 2918 complexa
888 2852 1088 2901 meant
1117 2844 1263 2901 inter
1290 2862 1353 2901 se
1382 2860 1615 2918 conque
1643 2842 1917 2917 globata3

417 2944 771 3009 quapropter
798 2935 969 2992 simul
996 2935 1145 2991 inter
1172 2953 1233 2991 se
1263 2934 1630 2991 retrahuntur
1657 2942 1716 2990 et
1744 2942 1908 2990 extra.
2134 2948 2226 3003 155

417 3025 764 3097 officiuntur,
792 3026 875 3083 uti
902 3033 1188 3101 cogantur
1213 3024 1474 3082 tardius
1459 3042 1559 3081 lre.

404 3124 476 3173 'at
504 3133 653 3192 quae
682 3124 817 3173 sunt
844 3115 1031 3173 solida
1058 3114 1373 3190 primordia
1403 3113 1788 3189 simplicitate,

418 3225 553 3264 cum
582 3224 687 3282 per
715 3207 887 3263 inane
915 3215 1115 3263 meant
1142 3224 1390 3262 vacuum
1422 3222 1536 3262 nec
1564 3222 1657 3261 res
1685 3212 2006 3261 remoratur

418 3297 531 3354 ulla
558 3297 694 3355 foris
722 3306 896 3370 atque
926 3296 1069 3370 ipsa,
1100 3296 1215 3353 suis
1245 3313 1278 3352 e
1306 3295 1564 3369 partibus
1590 3312 1727 3365 una,

419 3405 600 3445 unum
628 3388 688 3445 in
717 3404 895 3462 quem
925 3403 1175 3461 coepere
1205 3386 1401 3443 locum
1431 3385 1642 3443 conixa
1669 3385 1945 3458 feruntur,
2134 3392 2230 3442 160

418 3476 647 3537 debent'
666 3479 938 3535 nimirum
966 3478 1314 3552 praecellere
1345 3478 1664 3536 mobilitate

402 3577 479 3633 =et
506 3569 688 3626 multo
717 3568 884 3625 citius
914 3568 1045 3625 ferri
1072 3587 1247 3642 quam
1277 3569 1495 3627 lumina
1523 3569 1659 3627 solis
