2784 3992
575 292 691 358 188
1232 307 1704 362 LUCRETIUS
2240 303 2375 377 [v1.

563 470 782 529 fervida
807 469 872 529 fit
898 470 1062 546 glans
1089 470 1151 528 in
1180 488 1372 542 cursu,
1403 487 1541 526 cum
1571 467 1755 525 multa
1779 468 1980 569 rigoris

564 580 813 637 corpora
840 560 1182 619 dimittens
1166 578 1363 635 ignem
1394 560 1671 634 concepit
1701 558 1760 616 in
1789 560 1959 617 auris·

561 651 627 710 fit
656 670 893 727 quoque
925 660 988 710 ut
1016 652 1195 725 ipsius
1224 651 1429 725 plagae
1459 650 1544 707 vis
1574 650 1790 707 excitet
1819 651 2034 752 ignem,

562 742 767 817 frigida
795 761 931 798 cum
958 743 1113 799 venti
1144 741 1367 815 pepulit
1394 741 1479 797 vis
1509 741 1686 797 missa
1713 740 1838 797 sine
1867 740 2004 815 igni,
2287 758 2383 809 310
2441 778 2446 785 -

562 833 831 889 nimirum
862 832 1016 906 quia,
1048 850 1183 888 cum
1214 832 1469 888 vementi
1497 831 1746 905 perculit
1775 830 1914 902 ictu,

562 922 855 980 confluere
886 940 960 979 ex
988 922 1117 997 ipso
1147 931 1391 996 possunt
1421 920 1711 978 elementa
1739 920 1966 995 vaporis

563 1022 622 1071 et
650 1013 819 1070 simul
847 1031 921 1069 ex
949 1012 1043 1069 illa
1070 1029 1221 1085 quae
1252 1021 1373 1068 tum
1405 1029 1495 1069 res
1525 1012 1742 1086 excipit
1771 1011 1953 1068 ictum
1973 1030 1991 1082 3

562 1112 627 1161 ut
644 1102 909 1177 lapidem
938 1102 1088 1160 ferro
1118 1120 1255 1159 cum
1285 1101 1606 1171 caedimUS‚
1637 1100 1828 1158 evolat
1856 1100 2022 1175 igniS,

564 1212 697 1267 nee,
726 1192 890 1268 quod
918 1192 1124 1267 frigida
1150 1192 1233 1249 vis
1261 1192 1464 1264 fen-ist,
1494 1192 1608 1250 hoc
1639 1192 1816 1249 setius
1844 1190 1923 1248 illi
2291 1209 2383 1259 315

563 1284 788 1343 semina
813 1292 1168 1341 concurrunt
1195 1282 1367 1340 calidi
1397 1282 1629 1358 fulgoris
1657 1280 1735 1340 ad
1763 1282 1964 1354 ictum.

562 1376 646 1433 sic
676 1375 846 1449 igitur
874 1391 1110 1449 quoque
1140 1392 1231 1431 res
1260 1372 1511 1431 accendi
1541 1372 1782 1430 fulmine
1811 1370 2010 1443 debet,

562 1476 894 1541 opportuna
920 1465 1027 1521 fuit
1054 1465 1101 1522 si
1130 1465 1275 1522 forte
1306 1473 1365 1522 et
1392 1463 1612 1522 idonea
1637 1463 1902 1521 flammis,

562 1575 675 1614 nec
704 1565 922 1613 temere
953 1556 1196 1613 omnino
1225 1555 1398 1629 plane
1427 1554 1512 1612 vis
1543 1552 1748 1629 frigida
1775 1553 1932 1611 venti

564 1666 689 1705 esse
719 1655 932 1721 potest,
963 1664 1035 1703 ea
1062 1664 1213 1719 quae
1242 1654 1405 1703 tanta
1432 1644 1485 1702 vi
1517 1644 1691 1702 missa
1719 1652 2042 1719 supemest‚
2291 1662 2389 1713 320

452 1790 463 1799 .
564 1738 722 1813 quin,
750 1737 910 1811 'prius
938 1736 999 1793 in
1027 1754 1198 1794 cursu
1228 1736 1275 1793 si
1303 1753 1425 1793 non
1453 1734 1796 1793 accenditur
1825 1734 1961 1809 igni,

567 1838 625 1887 at
654 1828 946 1903 tepefacta
971 1837 1168 1884 tamen
1198 1827 1390 1885 veniat
1419 1826 1739 1884 commixta
1765 1825 1977 1883 calore.

647 1918 946 1977 Mobilitas
974 1927 1171 1975 autem
1200 1918 1264 1974 fit
1293 1917 1546 1975 fulminis
1576 1926 1635 1975 et
1662 1916 1848 1992 gravis
1877 1917 2044 1989 ictuS‚

565 2019 624 2067 et
651 2010 825 2067 celeri
854 2009 1032 2067 ferme
1061 2018 1405 2083 percurrunt
1433 2007 1676 2065 fulmina
1701 2004 1886 2082 lapsu,

564 2100 815 2158 nubibus
844 2100 969 2174 ipsa
998 2098 1162 2174 quod
1191 2100 1440 2156 omnino
1473 2098 1631 2173 prius
1661 2098 1840 2155 incita
1867 2115 1930 2155 se
1959 2093 2044 2155 vis
2289 2113 2384 2169 325

565 2190 785 2264 colligit
812 2200 869 2246 et
898 2208 1175 2264 magnum
1205 2207 1500 2246 conamen
1529 2189 1704 2246 sumit
1732 2184 1932 2259 eundi,

564 2280 703 2338 inde
732 2280 833 2337 ubi
859 2297 979 2337 non
1010 2280 1202 2354 potuit
1230 2280 1416 2337 nubes
1445 2297 1656 2353 capere
1687 2279 1899 2353 inpetis
1928 2286 2186 2351 auctum,

565 2371 905 2445 exprimitur
931 2370 1015 2427 vis
1045 2379 1219 2443 atque
1250 2369 1388 2427 ideo
1418 2370 1573 2427 volat
1603 2370 1821 2444 impete
1853 2368 2019 2439 miro,

566 2471 629 2519 ut
655 2460 857 2519 validis
885 2478 1035 2534 quae
1066 2457 1142 2516 de
1172 2460 1473 2518 tormentis
1503 2460 1678 2517 missa
1707 2460 1981 2517 feruntur.

566 2551 721 2609 adde
751 2549 913 2624 quod
944 2569 976 2608 e
1005 2550 1193 2625 parvis
1223 2559 1281 2608 et
1308 2550 1531 2609 levibus
1562 2560 1650 2608 est
1679 2549 2000 2623 elementis,
2287 2568 2382 2622 330

566 2660 677 2699 nec
705 2641 926 2699 facilest
954 2640 1050 2697 tali
1080 2650 1316 2698 naturae
1348 2642 1629 2716 opsistere
1661 2641 1978 2716 quicquam
1999 2661 2019 2715 3

558 2730 715 2790 'inter
744 2731 899 2788 enim
931 2731 1074 2805 fugit
1102 2749 1172 2788 ac
1202 2742 1469 2806 penetrat
1496 2751 1603 2807 per
1628 2750 1755 2789 rara
1781 2732 2022 2804 viarum,

566 2841 692 2881 non
723 2822 893 2897 igitur
921 2822 1115 2879 multis
1144 2821 1460 2879 offensibus
1488 2822 1548 2879 in
1575 2821 1929 2881 remorando
1985 2854 1998 2865 ·

569 2913 830 2982 haesitat,
860 2912 1013 2969 hanc
1043 2912 1122 2970 ob
1148 2930 1274 2969 rem
1304 2913 1478 2970 celeri
1505 2914 1660 2970 volat
1689 2913 1908 2988 impete
1938 2913 2157 2971 labens.

568 3002 804 3073 deinde,
834 3002 999 3075 quod
1027 3003 1267 3061 omnino
1296 3013 1500 3061 natura
1529 3002 1795 3077 pondera
1821 3001 2102 3061 deorsum
2287 3020 2376 3074 335

568 3093 767 3150 omnia
793 3093 1069 3164 nituntur,
1100 3112 1237 3150 cum
1266 3095 1489 3170 plagast
1517 3093 1719 3152 addita
1744 3111 1902 3165 ver0,

569 3183 858 3241 mobilitas
887 3182 1217 3258 duplicatur
1244 3194 1304 3241 et
1331 3185 1582 3259 impetus
1611 3184 1703 3241 ille
1730 3183 2033 3259 gravescit,

567 3284 631 3331 ut
657 3274 983 3331 vementius
1013 3284 1072 3331 et
1101 3275 1269 3332 citius
1299 3292 1710 3349 quaecumque
1739 3282 2038 3333 morantur

567 3366 741 3422 obvia
768 3364 1041 3422 discutiat
1069 3364 1251 3440 plagis
1281 3365 1564 3439 itinerque
1595 3376 1884 3439 sequatur.

568 3454 823 3529 denique
854 3455 1017 3530 quod
1047 3455 1224 3531 longo
1252 3456 1410 3512 venit
1440 3456 1674 3530 impete,
1707 3474 1935 3514 sumere
1965 3454 2149 3514 debet
2288 3475 2385 3527 340

567 3547 947 3606 mobilitatem
977 3547 1153 3605 etiam
1180 3557 1354 3621 atque
1385 3548 1578 3619 etiam,
1611 3566 1759 3621 quae
1790 3548 1995 3605 crescit
2025 3545 2228 3605 eundo
