2784 3992
516 303 636 366 160
1172 316 1638 373 LUCRETIUS

503 475 778 550 linquitur
804 486 869 534 ut
896 477 1103 535 merito
1134 486 1460 535 maternum
1489 494 1708 535 nomen
1737 477 1956 554 adepta

504 576 654 625 terra
682 568 771 639 sit,
808 585 841 625 e
871 576 1023 625 terra
1049 567 1327 642 quoniam
1357 577 1493 625 sunt
1520 577 1736 627 cuncta
1761 578 1975 629 creata.

504 658 801 733 multaque
831 676 989 715 nunc
1018 658 1194 716 etiam
1223 658 1477 716 existunt
1503 658 1776 717 animalia
1801 660 1966 717 terris

504 748 781 806 imbribus
810 757 868 806 et
896 748 1089 806 calido
1116 748 1252 807 solis
1280 758 1559 806 concreta
1584 766 1800 824 vapore
1823 770 1842 822 3

504 856 623 912 quo
652 838 843 897 minus
871 848 960 896 est
987 839 1195 897 mirum
1224 838 1271 896 si
1299 848 1425 896 tum
1455 848 1590 897 sunt
1616 840 1782 915 plura
1808 849 2012 899 coorta

504 937 564 985 et
591 929 828 1001 maiora,
857 947 1012 987 nova
1038 929 1237 987 tellure
1268 938 1443 1003 atque
1471 930 1706 988 aethere
1735 929 1951 991 adulta.

504 1018 791 1094 principio
819 1038 1003 1095 genus
1031 1020 1271 1077 alituum
1298 1020 1608 1095 variaeque
1636 1020 1902 1079 volucres

506 1127 617 1167 ova
641 1110 1048 1185 relinquebant
1075 1111 1344 1169 exclusae
1374 1120 1641 1186 tempore
1670 1129 1870 1185 verno,

505 1200 789 1257 folliculos
818 1210 884 1258 ut
910 1220 1068 1258 nunc
1097 1202 1292 1259 teretis
1321 1210 1540 1260 aestate
1571 1201 1814 1260 cicadae

503 1289 726 1349 lincunt
753 1301 963 1366 sponte
993 1310 1097 1349 sua
1122 1291 1341 1349 victum
1368 1292 1664 1367 vitamque
1692 1301 1982 1367 petentes,

505 1390 630 1437 tum
659 1381 761 1438 tibi
791 1390 941 1438 terra
968 1379 1133 1439 dedit
1160 1382 1415 1457 primum
1450 1383 1715 1440 mortalia
1742 1383 1947 1442 saecla.

506 1471 718 1528 multus
748 1472 903 1528 enim
933 1472 1093 1529 calor
1119 1482 1295 1547 atque
1324 1491 1496 1530 umor
1523 1474 1834 1547 superabat
1860 1473 1921 1531 in
1949 1473 2114 1531 arvis·

506 1561 621 1618 hoc
648 1562 750 1619 ubi
780 1580 1049 1637 quaeque
1078 1562 1194 1621 Ioci
1220 1564 1381 1637 regio
1412 1573 1746 1638 opportuna
1775 1562 2037 1635 dabatur,

506 1652 849 1709 crescebant
878 1652 1024 1709 uteri
1053 1661 1265 1710 terram
1293 1652 1586 1711 radicibus
1616 1654 1736 1728 apti
1757 1673 1776 1726 3

507 1760 655 1816 quos
683 1742 785 1799 ubi
814 1752 1077 1818 tempore
1106 1753 1337 1801 maturo
1366 1745 1724 1819 patefecerat
1751 1754 1943 1803 aestus

506 1832 790 1890 infantum
821 1833 1046 1907 fugiens
1076 1852 1341 1892 umorem
1370 1852 1655 1909 aurasque
1684 1845 2004 1912 petessenS,

508 1923 883 1981 convertebat
910 1924 990 1982 ibi
1017 1934 1221 1982 natura
1246 1924 1532 1983 foramina
1557 1934 1741 1983 terrae

508 2022 567 2071 et
594 2032 801 2071 sucum
826 2014 992 2072 venis
1020 2016 1269 2089 cogebat
1296 2014 1542 2073 fundere
1571 2016 1786 2091 apertis

509 2104 871 2161 consimilem
900 2104 1083 2176 IactiS,
1113 2105 1264 2163 sicut
1292 2123 1450 2163 nunc
1479 2106 1698 2163 femina
1723 2123 1995 2181 quaeque

508 2211 645 2251 cum
672 2195 917 2270 peperit,
947 2194 1106 2252 dulci
1135 2196 1389 2270 repletur
1415 2196 1586 2268 lacte,
1617 2196 1779 2272 quod
1811 2197 2000 2256 omnis

508 2284 760 2359 impetus
788 2285 847 2342 in
875 2303 1158 2343 mammas
1186 2287 1542 2343 convertitur
1569 2287 1662 2344 ille
1690 2288 1966 2345 alimenti.

510 2385 658 2432 terra
686 2375 880 2433 cibum
910 2375 1119 2450 pueriS,
1149 2386 1370 2434 vestem
1402 2395 1600 2452 vapor,
1632 2378 1813 2436 herba
1840 2378 2032 2437 cubile

425 2468 429 2473 ’
510 2465 827 2540 praebebat
854 2466 1037 2523 multa
1064 2475 1124 2523 et
1152 2467 1313 2524 molli
1340 2467 1613 2543 lanugine
1642 2467 1965 2528 abundans·

511 2564 569 2612 at
595 2556 819 2613 novitas
848 2555 1054 2613 mundi
1082 2574 1194 2614 nec
1222 2557 1432 2633 frigora
1459 2556 1606 2615 dura
1631 2559 1825 2618 ciebat

511 2664 622 2702 nec
651 2644 861 2703 nimios
890 2656 1082 2704 aestus
1111 2664 1224 2704 nec
1251 2647 1478 2723 magnis
1505 2648 1718 2707 viribus
1746 2668 1934 2709 aura-5.

494 2736 711 2807 ‘omnia
738 2736 894 2793 enim
923 2737 1135 2811 pariter
1161 2748 1434 2795 crescunt
1461 2748 1520 2797 et
1546 2740 1759 2797 robora
1787 2749 2042 2798 sumunt.

2208 318 2309 390 [v.

2217 498 2311 552 795

2217 1842 2319 1893 810

2225 2296 2323 2359 815

2226 2748 2329 2798 820

593 2827 788 2900 Quare
819 2828 995 2884 etiam
1023 2837 1198 2902 atque
1228 2829 1401 2886 etiam
1433 2838 1759 2887 maternum
1787 2848 2010 2888 nomen
2039 2829 2258 2907 adepta

513 2927 661 2974 terra
689 2926 850 2974 tenet
880 2918 1104 2988 merit0,
1136 2920 1628 2995 quoniamgenus
1658 2919 1783 2995 ipsa
1811 2922 2028 2979 creavit

512 3006 832 3064 humanum
862 3018 1036 3082 atque
1066 3010 1281 3067 animal
1309 3027 1496 3084 prope
1526 3019 1688 3067 certo
1717 3019 1984 3086 tempore
2015 3010 2166 3069 fudit

512 3115 689 3154 omne
718 3097 879 3172 quod
908 3099 968 3156 in
996 3100 1221 3175 magnis
1249 3099 1568 3157 bacchatur
1595 3102 1878 3159 montibu’
1909 3102 2144 3177 passim,

512 3187 810 3262 aeriasque
840 3190 1009 3247 simul
1036 3191 1301 3248 volucres
1329 3190 1672 3249 variantibu'
1702 3192 1918 3250 formis.

512 3278 618 3335 sed
648 3279 783 3353 quia
809 3280 987 3337 finem
1016 3281 1269 3354 aliquam
1296 3279 1562 3355 pariendi
1589 3280 1768 3340 debet
1795 3282 2027 3355 habere,

513 3368 747 3441 destitit,
778 3380 842 3428 ut
869 3370 1073 3428 mulier
1101 3371 1288 3445 spatio
1310 3369 1540 3429 defessa
1565 3381 1814 3431 vetusto.

512 3470 699 3518 mutat
726 3460 883 3519 enim
912 3460 1118 3519 mundi
1146 3470 1409 3519 naturam
1438 3462 1612 3520 totius
1641 3472 1799 3521 aetas

513 3568 587 3608 ex
616 3551 845 3627 alioque
874 3551 1017 3609 alius
1045 3560 1226 3609 status
1256 3552 1524 3627 excipere
1553 3554 1756 3611 omnia
1781 3552 1979 3626 debet,

2227 3200 2326 3266 825
