2784 3992
452 269 541 334 60
1127 244 1590 337 LUCRET'IUS
2149 284 2260 353 [11.

453 444 562 503 sed
590 445 785 521 magni
812 444 1022 502 referre
1053 463 1124 502 ea
1150 443 1407 519 primum
1436 444 1716 518 quantula
1742 454 2031 517 constent,

451 536 659 594 sensile
690 554 841 611 quae
869 536 1105 608 faciunt,
1134 544 1195 593 et
1222 553 1340 610 qua
1367 535 1484 593 sint
1511 535 1776 611 praedita
1801 536 2004 609 forma,
2167 546 2262 609 895

452 627 706 685 motibus
734 626 1034 685 ordinibus
1062 627 1334 701 posituris
1363 625 1620 701 denique
1651 645 1800 701 quae
1831 628 1960 685 sint.

451 736 697 791 quarum
724 717 806 775 nil
832 736 1025 774 rerum
1052 718 1113 775 in
1141 718 1309 792 lignis
1337 717 1676 793 glaebisque
1703 716 1972 775 videmus
1992 738 2010 791 3

452 816 511 865 et
538 818 735 865 tamen
764 808 929 881 haeC,
959 826 1095 865 cum
1126 818 1262 865 sunt
1289 809 1455 882 quasi
1482 808 1806 883 putrefacta
1832 826 1940 883 per
1966 808 2197 880 imbreS,

448 900 797 956 vermiculos
827 900 1073 973 pariunt,
1104 900 1244 973 quia
1272 918 1522 973 corpora
1548 899 1810 957 materiai

449 990 701 1063 antiquis
731 1007 806 1046 ex
832 988 1133 1046 ordinibus
1161 997 1431 1063 permota
1457 1007 1611 1046 nova
1637 1007 1700 1047 re
2167 1011 2266 1061 900

450 1080 833 1137 conciliantur
860 1080 940 1136 ita
966 1088 1031 1136 ut
1059 1079 1281 1137 debent
1308 1079 1580 1136 animalia
1605 1079 1781 1154 gigni.

449 1169 667 1228 deinde
698 1188 730 1227 e
761 1170 1064 1228 sensilibus
1093 1170 1194 1244 qui
1224 1169 1434 1227 sensile
1464 1186 1639 1243 posse
1669 1169 1851 1227 creari

448 1262 825 1332 constituunt,
856 1279 1031 1336 porro
1060 1278 1135 1317 ex
1162 1260 1285 1317 aliis
1314 1260 1528 1318 sentire
1557 1260 1706 1318 sueti

448 1443 643 1501 mollia
670 1461 807 1500 cum
830 1443 1066 1501 faciunt.
1110 1460 1251 1500 nam
1279 1459 1483 1500 sensus
1511 1440 1764 1516 iungitur
1791 1442 1984 1499 omnis

446 1534 763 1592 visceribus
791 1534 981 1591 nervis
1009 1533 1191 1602 veniS,
1222 1550 1374 1608 quae
1411 1532 1624 1606 cuique
1651 1530 1918 1589 videmus
2159 1551 2256 1606 905

448 1625 643 1681 mollia
670 1625 896 1681 mortali
926 1624 1243 1681 consistere
1272 1640 1522 1697 corpore
1551 1631 1725 1680 creta.

448 1714 555 1772 sed
583 1724 781 1773 tamen
810 1723 935 1772 esto
965 1715 1081 1771 iam
1109 1731 1287 1788 posse
1315 1713 1464 1771 haec
1493 1722 1730 1771 aeterna
1757 1730 1993 1771 manere
2018 1735 2031 1773 ε

447 1800 664 1880 n'empe
694 1815 893 1863 tamen
920 1804 1143 1862 debent
1170 1812 1271 1862 aut
1296 1822 1536 1863 sensum
1563 1803 1740 1878 partis
1769 1802 1985 1862 habere

448 1906 547 1955 aut
564 1896 733 1954 simili
760 1896 895 1953 totis
924 1895 1270 1953 animalibus
1300 1913 1428 1953 esse
1458 1894 1665 1970 putari.

448 1996 508 2045 at
533 1996 830 2062 nequeant
856 2004 961 2061 per
989 2004 1051 2043 se
1080 1995 1274 2060 partes
1304 1985 1516 2043 sentire
1544 2002 1788 2044 necesse
1817 1994 1943 2059 est;
2163 2006 2264 2059 910

448 2095 703 2152 namque
731 2077 844 2135 alio
874 2083 1075 2135 sensus
1106 2078 1503 2135 membrorum
1532 2076 1768 2151 respicit
1795 2076 2004 2149 omniS,

452 2186 564 2225 nec
592 2186 799 2225 manus
830 2186 866 2225 a
893 2168 1062 2225 nobis
1092 2168 1245 2241 potis
1276 2177 1364 2225 est
1392 2176 1618 2225 secreta
1645 2185 1841 2242 neque
1870 2168 1984 2225 ulla

449 2260 709 2334 corporis
738 2258 981 2317 omnino
1010 2276 1248 2315 sensum
1277 2276 1411 2333 pars
1441 2257 1564 2315 sola
1591 2267 1812 2316 tenere.

446 2349 723 2423 linquitur
750 2359 812 2407 ut
838 2349 975 2407 totis
1004 2348 1393 2406 animantibus
1423 2347 1860 2407 adsimulentur.

450 2440 533 2497 sic
563 2439 766 2497 itidem
795 2457 947 2513 quae
977 2439 1261 2497 sentimus
1291 2440 1503 2497 sentire
1531 2447 1847 2511 necessest,
2163 2456 2259 2512 915

448 2530 602 2587 vitali
630 2540 693 2588 ut
721 2530 948 2605 possint
975 2530 1307 2587 consentire
1336 2528 1600 2605 undique
1631 2548 1822 2588 sensu.

448 2622 550 2696 qui
577 2630 853 2696 poterunt
881 2620 1051 2697 igitur
1077 2639 1268 2679 rerum
1296 2620 1613 2695 primordia
1641 2618 1762 2678 dici

450 2722 509 2770 et
537 2712 634 2769 leti
662 2712 839 2769 vitare
867 2713 1006 2783 viaS,
1036 2712 1306 2769 animalia
1334 2730 1469 2768 cum
1493 2712 1624 2783 sint,

450 2802 643 2878 adque
672 2802 943 2859 animalia
969 2802 1085 2860 sint
1112 2803 1449 2860 mortalibus
1471 2820 1588 2858 una
1616 2800 1988 2877 eademque?

451 2891 614 2967 quod
643 2902 838 2949 tamen
866 2902 931 2950 ut
959 2893 1202 2968 possint,
1233 2901 1292 2950 at
1318 2902 1496 2950 coetu
1525 2893 1895 2967 concilioque
2161 2914 2264 2967 920

450 2983 531 3040 nil
559 2983 771 3040 facient
799 2992 1027 3057 praeter
1052 2985 1289 3059 volgum
1320 2984 1666 3057 turbamque
1697 2983 2075 3056 animantum,

450 3074 672 3131 scilicet
702 3081 765 3129 ut
792 3082 1089 3147 nequeant
1116 3074 1384 3133 homines
1414 3084 1676 3132 armenta
1703 3074 1975 3149 feraeque

452 3165 599 3221 inter
627 3182 753 3221 sese
782 3164 957 3221 ullam
986 3182 1111 3221 rem
1140 3165 1373 3239 gignere
1404 3165 1836 3235 conveniundO.
1876 3187 1883 3193 ·

453 3254 616 3329 quod
645 3255 691 3312 si
720 3256 867 3312 forte
898 3272 1067 3312 suum
1098 3254 1400 3313 dimittunt
1427 3275 1672 3331 corpore
1702 3274 1939 3314 sensum

453 3355 628 3418 atque
658 3346 834 3403 alium
863 3344 1120 3420 capiunt,
1151 3344 1293 3418 quid
1316 3364 1466 3420 opus
1488 3348 1594 3404 fuit
1614 3345 1865 3404 adtribui
1886 3347 1949 3405 id
1969 3345 2135 3422 quod
2161 3365 2257 3419 9²5

454 3434 812 3493 detrahitur?
852 3445 977 3493 tum
1006 3444 1323 3511 praeterea,
1354 3456 1473 3511 quo
1503 3438 1753 3513 fugimus
1783 3448 1938 3510 ante,

454 3535 740 3599 quatenus
769 3527 829 3584 in
858 3527 1045 3601 pullos
1074 3522 1334 3584 animalis
1362 3529 1570 3585 vertier
1597 3546 1707 3585 ova
