2784 3992
522 304 653 377 v1.]
1009 304 1119 357 DE
1171 304 1466 357 RERUM
1516 305 1862 359 NATURA
2219 310 2340 376 197

489 467 495 471 '
521 464 749 541 largiter
774 466 835 523 in
865 474 1028 523 tanto
1057 465 1247 541 spatio
1272 474 1471 524 tamen
1498 466 1718 525 auferet
1745 467 1935 527 undis.

520 566 646 617 tum
673 574 851 632 porro
881 557 1038 613 venti
1068 574 1307 631 quoque
1338 576 1612 633 magnam
1639 558 1840 616 tollere
1869 568 2098 634 partem

521 648 737 706 umoris
768 657 1013 722 possunt
1039 657 1334 706 verrentes
1361 666 1636 723 aequora,
1667 650 1857 708 ventis

521 758 637 797 una
662 748 840 796 nocte
869 739 991 795 vias
1018 739 1294 813 quoniam
1325 756 1610 814 persaepe
1638 738 1906 798 videmus
2237 748 2335 815 625

521 830 721 887 siccari
749 829 1052 903 mollisque
1080 829 1183 886 luti
1211 847 1591 887 concrescere
1621 840 1860 890 crustas.

520 929 819 995 praeterea
845 918 1021 977 docui
1052 919 1297 976 multum
1326 937 1566 993 quoque
1594 920 1793 978 tollere
1822 921 2011 980 nubes

520 1028 784 1068 umorem
812 1027 1028 1085 magno
1058 1019 1414 1085 conceptum
1445 1028 1517 1067 ex
1550 1028 1805 1084 aequore
1833 1011 2003 1087 ponti

521 1109 581 1159 et
607 1100 822 1177 passim
850 1110 977 1158 toto
1005 1110 1286 1158 terrarum
1316 1118 1586 1175 spargere
1615 1102 1675 1157 in
1704 1101 1851 1174 orbi,

520 1210 657 1249 cum
684 1190 830 1266 pluit
856 1190 918 1248 in
946 1191 1109 1249 terris
1138 1200 1198 1248 et
1225 1191 1383 1248 venti
1413 1191 1610 1249 nubila
1638 1199 1892 1266 portant.
2231 1200 2332 1265 630

518 1292 819 1359 postremo
847 1281 1127 1357 quoniam
1156 1300 1285 1341 raro
1314 1300 1452 1338 cum
1482 1300 1730 1357 corpore
1758 1281 1929 1341 tellus
2005 1351 2010 1355 ἱ

520 1382 624 1445 est,
654 1382 715 1431 et
740 1373 1131 1445 coniunctast,
1162 1390 1292 1430 oras
1321 1372 1494 1430 maris
1522 1371 1786 1447 undique
1814 1373 2073 1449 cingenS,

518 1462 717 1539 debet,
743 1472 809 1523 ut
834 1463 896 1521 in
922 1481 1080 1521 mare
1109 1462 1187 1521 de
1214 1462 1376 1522 terris
1403 1463 1563 1521 venit
1588 1482 1761 1521 umor
1785 1464 1977 1539 aquai,

516 1555 577 1613 in
604 1565 783 1613 terras
810 1553 1015 1612 itidem
1042 1571 1278 1612 manare
1308 1571 1382 1611 ex
1409 1572 1664 1628 aequore
1693 1553 1884 1627 salso5

516 1646 847 1721 percolatur
871 1645 1031 1703 enim
1059 1644 1213 1703 virus
1240 1654 1514 1720 retroque
1543 1652 1808 1702 remanat
2228 1652 2324 1718 635

517 1737 785 1795 materies
812 1736 1028 1793 umoris
1058 1743 1118 1793 et
1143 1734 1222 1793 ad
1249 1744 1428 1810 caput
1453 1736 1721 1793 amnibus
1750 1734 1942 1794 omnis

519 1827 778 1899 confluit,
807 1826 946 1884 inde
976 1844 1151 1901 super
1176 1836 1354 1884 terras
1381 1824 1533 1883 redit
1559 1826 1792 1901 agmine
1821 1825 1981 1884 dulci

518 1937 633 1993 qua
658 1918 754 1976 via
780 1927 942 1976 secta
968 1917 1152 1975 semel
1176 1916 1400 1992 liquido
1428 1916 1583 1991 pede
1611 1915 1818 1973 detulit
1844 1914 2082 1995 undas]
2131 1968 2140 1975 .

598 2010 776 2067 Nunc
804 2009 951 2066 ratio
980 2025 1131 2082 quae
1160 2008 1249 2080 sit,
1280 2025 1388 2083 per
1416 2006 1614 2066 fauces
1643 2006 1859 2065 montis
1886 2017 1951 2065 ut
1981 2010 2204 2066 Aetnae

518 2100 782 2175 expirent
808 2099 974 2174 ignes
1002 2096 1294 2156 interdum
1324 2098 1552 2175 turbine
1582 2106 1764 2168 tant0,
2222 2105 2328 2167 -640

518 2189 847 2266 expediam.
878 2207 1071 2263 neque
1102 2189 1261 2246 enim
1290 2187 1576 2246 mediocri
1604 2186 1774 2246 clade
1801 2197 2007 2246 coorta

518 2280 791 2339 flammea
815 2288 1133 2355 tempestas
1165 2280 1427 2338 Siculum
1459 2278 1764 2337 dominata
1787 2296 1897 2355 per
1921 2297 2090 2354 agros

517 2372 776 2431 finitimis
804 2371 882 2429 ad
910 2387 974 2430 se
1001 2371 1289 2429 convertit
1316 2370 1586 2446 gentibus
1613 2387 1735 2442 ora,

516 2462 739 2521 fumida
764 2481 902 2521 cum
929 2462 1074 2532 caeli
1105 2462 1413 2519 scintillare
1443 2460 1642 2520 omnia
1668 2458 1888 2535 templa

518 2563 823 2613 cernentes
852 2551 1065 2628 pavida
1091 2552 1469 2627 complebant
1497 2560 1738 2628 pectora
1764 2567 1904 2609 cura
2223 2557 2318 2621 645

517 2644 660 2719 quid
687 2644 985 2703 moliretur
1009 2661 1203 2701 rerum
1230 2651 1436 2700 natura
1463 2660 1764 2700 novarum.

598 2736 784 2794 Hisce
814 2734 919 2794 tibi
948 2734 1008 2791 in
1035 2734 1208 2793 rebus
1235 2733 1406 2791 latest
1432 2729 1663 2807 alteque
1693 2729 2018 2790 videndum

516 2835 577 2884 et
601 2826 775 2902 longe
804 2835 1046 2883 cunctas
1074 2825 1134 2882 in
1163 2824 1342 2899 partis
1372 2821 1822 2899 dispiciendum,

513 2925 581 2974 ut
606 2915 991 2975 reminiscaris
1019 2934 1307 2974 summam
1336 2932 1530 2972 rerum
1558 2931 1685 2972 esse
1713 2911 2067 2989 profundam

514 3017 575 3066 et
600 3007 798 3066 videas
825 3006 1054 3065 caelum
1082 3005 1331 3064 summai
1358 3005 1535 3063 totius
1564 3024 1745 3083 unum
2225 3010 2326 3075 65ο

513 3116 693 3174 quam
720 3098 793 3156 sit
820 3097 1055 3173 parvula
1080 3114 1212 3171 pars
1241 3105 1300 3153 et
1328 3114 1505 3170 quam
1533 3095 1861 3153 multesima
1889 3101 2138 3167 constet,

511 3207 627 3247 nec
655 3198 780 3247 tota
805 3206 957 3264 pars,
987 3188 1168 3245 homo
1198 3187 1367 3245 terrai
1398 3196 1580 3261 quota
1608 3186 1783 3245 totius
1811 3203 1979 3244 unus.

512 3278 679 3356 quod
705 3280 861 3339 bene
889 3278 1254 3354 propositum
1282 3278 1329 3335 si
1358 3277 1532 3351 plane
1561 3285 1876 3334 contueare

512 3389 584 3430 ac
610 3369 813 3430 videas
840 3369 1035 3446 plane,
1065 3369 1257 3427 mirari
1286 3368 1468 3425 multa
1493 3367 1800 3442 relinquas.

514 3450 792 3537 numquis
820 3461 978 3519 enirn
1007 3470 1270 3519 nostrum
1300 3459 1536 3516 miratur
1563 3458 1739 3533 siquis
1768 3456 1827 3515 in
1854 3464 2010 3514 artus
2224 3460 2320 3527 655

510 3551 745 3629 accepit
769 3551 965 3611 calido
991 3551 1197 3610 febrim
1224 3550 1446 3608 fervore
1477 3559 1737 3607 coortam

2547 3354 2736 3973 ‘NA
