2784 3992
567 316 695 364 202
1241 316 1709 371 LUCRETIUS
2241 316 2374 389 [vl.

566 489 833 555 tempore
861 496 937 538 eo
966 478 1013 537 si
1041 478 1340 537 odoratast
1368 496 1490 553 quo
1519 488 1816 539 menstrua
1842 478 2027 537 solvit.

566 571 862 645 multaque
890 580 1191 645 praeterea
1217 570 1550 645 languentia
1576 571 1842 629 membra
1869 588 1975 645 per
2002 578 2158 628 artus

566 662 794 720 solvunt
821 671 998 736 atque
1028 662 1281 717 animam
1314 662 1664 719 labefactant
1693 660 1931 720 sedibus
1959 661 2133 719 intus,

568 755 823 829 denique
853 755 901 812 si
929 754 1130 811 calidis
1161 755 1335 811 etiam
1366 765 1642 812 cunctare
1673 752 1916 813 lavabris

566 848 793 921 plenior
820 857 878 904 et
906 845 1127 915 laveris,
1160 847 1305 903 solio
1334 846 1607 903 ferventis
1635 846 1809 921 aquai
2279 852 2376 903 800

566 956 743 1013 quam
774 937 939 995 facile
969 936 1030 993 in
1058 935 1259 993 medio
1289 936 1353 993 fit
1382 936 1466 993 uti
1496 936 1603 995 des
1631 954 1807 1012 saepe
1836 936 2029 995 ruinas
2055 940 2068 995 !

567 1029 1007 1103 carbonumque
1030 1027 1222 1102 gravis
1250 1028 1335 1086 vis
1361 1037 1540 1102 atque
1569 1018 1721 1086 odoi·
1746 1028 2067 1086 insinuatur

566 1137 746 1194 quam
772 1119 941 1178 facile
969 1119 1030 1177 in
1056 1119 1380 1190 cerebrum,
1403 1118 1514 1177 nisi
1534 1136 1747 1195 aquam
1772 1119 2182 1193 praecepimus
2201 1126 2341 1177 ante
2365 1120 2380 1177 l

566 1220 625 1268 at
651 1204 787 1268 cuin
815 1212 1079 1270 membra
1107 1210 1319 1268 domus
1345 1210 1612 1285 percepit
1638 1208 1902 1283 fervidu’,
1933 1210 2122 1267 nervis

568 1310 691 1358 tum
718 1301 785 1359 fit
812 1301 962 1360 odor
987 1303 1092 1361 viri
1118 1302 1324 1377 plagae
1353 1300 1675 1359 mactabilis
1703 1301 1897 1372 instar,
2279 1308 2376 1374 805

567 1410 764 1450 nonne
792 1392 955 1451 vides
982 1394 1160 1453 etiam
1188 1401 1339 1450 terra
1366 1409 1607 1467 quoque
1636 1392 1835 1467 sulpur
1860 1392 1921 1450 in
1950 1392 2078 1467 ipsa

565 1482 789 1557 gignier
815 1492 876 1542 et
902 1493 1087 1542 taetro
1116 1500 1500 1541 concrescere
1531 1482 1718 1542 odore
1747 1483 2010 1542 bitumen
2031 1504 2048 1555 3

566 1572 823 1647 denique
851 1574 951 1632 ubi
979 1575 1200 1651 argenti
1227 1592 1408 1631 venas
1435 1573 1676 1648 aurique
1703 1583 1997 1644 secuntur,

565 1663 734 1720 terrai
760 1664 995 1739 penitus
1024 1674 1347 1723 scrutantes
1375 1662 1576 1723 abdita
1602 1663 1770 1736 ferro,

564 1753 748 1827 qualis
776 1755 1000 1830 expiret
1028 1755 1407 1830 Scaptensula
1434 1754 1632 1813 subter
1659 1753 1872 1813 odores
1886 1754 1915 1812 ?
2277 1760 2378 1812 810

564 1843 779 1918 quidve
808 1844 943 1903 mali
974 1847 1037 1903 fit
1066 1856 1131 1903 ut
1157 1844 1429 1903 exhalent
1459 1853 1656 1902 aurata
1683 1845 1913 1903 metalla
1937 1848 1950 1903 !

563 1953 709 2010 quas
737 1935 1037 1993 hominum
1068 1935 1323 1993 reddunt
1350 1936 1528 1993 facies
1557 1936 1858 2011 qualisque
1889 1936 2115 1995 colores
2142 1939 2156 1995 l

563 2045 762 2085 nonne
791 2026 954 2085 vides
982 2026 1220 2104 audisve
1249 2026 1437 2101 perire
1468 2026 1529 2083 in
1557 2036 1822 2101 tempore
1849 2045 2030 2103 parvo

564 2112 747 2191 quam'
768 2117 993 2175 soleant
1022 2127 1081 2179 et
1108 2135 1288 2193 quam
1315 2117 1453 2175 vitai
1482 2117 1656 2191 copia
1683 2117 1852 2190 desit',
1957 2189 1962 2195 ,

564 2225 713 2281 quos
741 2225 922 2282 opere
948 2209 1008 2265 in
1038 2209 1136 2266 tali
1164 2208 1404 2266 cohibet
1436 2208 1522 2265 vis
1550 2226 1762 2282 magna
1789 2208 2088 2287 necessis?
2275 2214 2370 2279 815

564 2298 671 2356 hos
700 2298 872 2372 igitur
900 2299 1068 2357 tellus
1096 2300 1288 2357 omnis
1317 2307 1616 2356 exaestuat
1642 2308 1836 2357 aestus

563 2388 899 2463 expiratque
930 2390 1080 2448 foras
1108 2390 1169 2447 in
1196 2399 1461 2465 apertum
1491 2398 1881 2464 promptaque
1910 2387 2075 2447 caeli.

644 2479 736 2537 Sic
765 2489 823 2537 et
851 2482 1082 2538 Averna
1108 2480 1240 2537 loca
1267 2480 1498 2537 alitibus
1527 2480 1885 2537 summittere
1916 2478 2136 2537 debent

563 2569 916 2627 mortiferam
942 2570 1080 2642 vim,
1111 2569 1187 2628 de
1216 2580 1367 2627 terra
1394 2587 1547 2643 quae
1576 2570 1753 2644 surgit
1783 2570 1844 2627 in
1870 2587 2053 2640 auraS,

562 2668 627 2715 ut
654 2650 906 2733 spatium
932 2661 1081 2718 caeli
1109 2660 1363 2735 quadam
1393 2659 1470 2717 de
1499 2670 1661 2735 parte
1691 2669 1944 2717 venenet
1964 2680 1984 2733 3
2277 2665 2376 2718 820

563 2768 681 2824 quo
711 2750 971 2809 simulac
998 2752 1257 2827 primum
1288 2751 1496 2825 pennis
1524 2749 1718 2807 delata
1745 2751 1818 2808 sit
1843 2749 1981 2822 aleS‚
2373 2744 2377 2747 i

563 2840 911 2915 impediatur
940 2842 1019 2900 ibi
1046 2859 1233 2899 caeco
1262 2851 1528 2915 correpta
1556 2858 1808 2913 veneno,

563 2940 627 2988 ut
655 2930 826 2988 cadat
853 2949 886 2989 e
914 2932 1153 3008 regione
1181 2931 1311 3001 loci,
1343 2949 1460 3005 qua
1488 2930 1696 3005 derigit
1724 2941 1935 2990 aestus·

563 3038 683 3095 quo
711 3040 847 3079 cum
877 3024 1122 3094 conruit,
1154 3022 1248 3079 hic
1279 3020 1488 3079 eadem
1518 3021 1601 3079 vis
1631 3020 1778 3080 illius
1805 3012 1999 3081 aestus

560 3112 829 3187 reliquias
857 3114 1006 3171 vitae
1036 3113 1311 3171 membris
1342 3129 1416 3168 ex
1445 3112 1716 3169 omnibus
1744 3113 1946 3171 aufert.
2270 3119 2358 3182 825

564 3204 781 3279 quippe
812 3206 1028 3262 etenim
1057 3205 1247 3279 primo
1276 3203 1440 3277 quasi
1472 3202 1768 3275 quendam
1800 3203 2034 3261 conciet
2061 3213 2321 3274 aestum3

562 3294 850 3371 posterius
878 3294 943 3351 fit
970 3296 1070 3366 uti,
1101 3313 1238 3352 cum
1268 3295 1381 3351 iarn
1412 3292 1683 3351 cecidere
1711 3293 1920 3351 veneni

562 3386 626 3444 in
654 3386 827 3442 fontis
854 3385 1032 3460 ipsos,
1062 3385 1141 3443 ibi
1168 3386 1240 3442 sit
1267 3402 1506 3459 quoque
1535 3384 1654 3442 vita
1679 3383 1975 3441 vomenda

563 3484 874 3549 propterea
900 3473 1063 3547 quod
1092 3492 1306 3547 magna
1333 3475 1470 3532 mali
1501 3474 1564 3531 fit
1591 3474 1765 3548 copia
1793 3473 2032 3532 circum.

646 3564 741 3622 Fit
754 3582 991 3639 quoque
1001 3574 1065 3621 ut
1076 3563 1371 3620 interdum
1381 3564 1466 3621 vis
1478 3564 1625 3621 haec
1637 3573 1812 3638 atque
1825 3574 2018 3622 aestus
2032 3564 2242 3623 Averni
2266 3570 2352 3631 830
