2784 3992
80 3702 208 3879 ἢ

521 302 609 379 64
1192 314 1658 367 LUCRETIUS
2211 315 2324 385 [11.

518 486 617 535 aut
645 476 837 534 minus
864 485 1000 534 ante
1029 475 1193 551 quod
1220 475 1506 533 auderent
1533 476 1656 533 fore
1685 474 1924 534 credere
1951 477 2198 553 gentes?

519 567 617 639 nil,
651 576 714 626 ut
740 568 985 642 opinor:
1033 567 1112 623 ita
1139 565 1285 623 haec
1315 566 1544 641 species
1572 565 1840 625 miranda
1865 568 2084 627 fuisset.

519 677 695 734 quam
723 658 828 716 tibi
855 658 971 715 iam
1000 675 1197 728 nem0,
1225 658 1410 715 fessus
1439 657 1640 715 satiate
1668 656 1926 732 videndi,

518 750 812 825 suspicere
842 749 902 806 in
931 748 1077 806 caeli
1105 747 1376 823 dignatur
1403 747 1599 805 lucida
1625 749 1846 823 templa
1871 751 1883 806 ἒ

518 838 721 898 desine
751 848 1103 915 quapropter
1130 838 1385 896 novitate
1417 838 1719 897 exterritus
1747 839 1874 914 ipsa
2202 860 2330 907 1040

517 948 771 1005 expuere
800 948 874 987 ex
901 930 1098 1011 animo
1126 929 1430 1000 rationem,
1460 926 1568 987 sed
1596 929 1778 1004 magis
1805 930 1927 987 acri

516 1020 736 1079 iudicio
764 1008 1067 1096 perpende
1098 1029 1175 1091 et,
1206 1020 1255 1077 si
1281 1018 1389 1078 tibi
1415 1037 1552 1077 vera
1578 1018 1865 1092 videntur,

516 1110 672 1169 dede
702 1130 927 1184 manUS,
956 1119 1073 1182 aut,
1104 1110 1152 1169 si
1177 1110 1385 1168 falsum
1414 1119 1520 1183 est,
1549 1110 1857 1186 accingere
1887 1118 2108 1168 contra.

516 1202 739 1277 quaerit
767 1202 925 1261 enim
953 1202 1239 1259 rationem
1266 1200 1515 1273 animus,
1545 1219 1682 1258 cum
1711 1216 1940 1260 summa
1965 1200 2082 1260 loci
2109 1200 2185 1259 sit

514 1292 739 1351 infinita
764 1293 899 1351 foris
928 1292 1075 1350 haec
1103 1301 1265 1349 extra
1292 1292 1530 1349 moenia
1555 1290 1779 1364 mundi,
2197 1311 2322 1364 1045

515 1382 658 1459 quid
684 1382 758 1442 sit
784 1382 865 1441 ibi
890 1400 1066 1458 porro
1094 1400 1215 1457 quo
1243 1382 1577 1457 prospicere
1604 1370 1792 1457 usque
1819 1382 1957 1441 velit
1983 1400 2152 1441 mens

514 1483 688 1549 atque
717 1474 895 1531 animi
923 1472 1279 1531 iactusliber
1307 1490 1427 1547 quo
1455 1473 1718 1547 pervolet
1745 1472 1892 1547 ipse.⁸

596 1564 885 1641 Principio
914 1564 1083 1622 nobis
1111 1563 1173 1621 in
1200 1572 1444 1621 cunctas
1473 1562 1734 1638 undique
1762 1564 1940 1638 partis
1995 1588 2001 1593 ·

514 1664 573 1713 et
598 1655 775 1713 latere
805 1673 879 1713 ex
904 1664 1155 1728 utroque
1184 1672 1358 1729 supra
1384 1664 1700 1730 supterque
1729 1671 1836 1728 per
1862 1672 2041 1713 omne

512 1746 667 1803 nulla
694 1754 783 1804 est
809 1746 939 1803 finis
960 1766 978 1819 3
1019 1745 1103 1802 uti
1124 1743 1329 1816 docui,
1357 1762 1450 1802 res
1480 1744 1723 1820 ipsaque
1751 1762 1858 1820 per
1885 1763 1948 1803 se
2196 1763 2324 1816 1050

511 1837 874 1910 vociferatur,
905 1845 965 1895 et
990 1837 1182 1895 elucet
1209 1845 1411 1893 natura
1441 1834 1737 1911 profundi.

511 1928 671 1986 nullo
698 1928 814 1985 iam
843 1936 1021 2003 pacto
1049 1926 1171 2009 veri
1196 1925 1381 1984 simile
1413 1944 1539 1984 esse
1568 1924 1968 2001 putandumst,

512 2018 773 2095 undique
802 2037 938 2077 cum
966 2036 1199 2076 vorsum
1226 2017 1480 2092 spatium
1509 2026 1679 2075 vacet
1706 2016 1996 2075 infinitum

512 2111 850 2186 seminaque
879 2110 1185 2168 innumero
1214 2126 1462 2167 numero
1491 2126 1838 2183 summaque
1866 2106 2162 2183 profunda

512 2200 868 2260 multimodis
893 2200 1136 2258 volitent
1162 2208 1402 2257 aeterno
1430 2198 1655 2273 percita
1680 2208 1864 2270 motu,
2195 2217 2285 2271 105
2291 2218 2319 2271 5

439 2333 444 2338 -
510 2291 667 2349 hunc
694 2310 877 2349 unum
905 2300 1182 2349 terrarum
1210 2290 1415 2348 orbem
1444 2288 1792 2363 caelumque
1820 2299 2100 2362 creatum,

509 2382 589 2439 nil
616 2400 787 2457 agere
815 2381 910 2439 illa
937 2381 1073 2439 foris
1102 2389 1190 2438 tot
1218 2397 1466 2455 corpora
1492 2380 1754 2437 materiai
1775 2400 1793 2453 3

510 2490 645 2529 cum
674 2472 1010 2547 praesertim
1039 2471 1135 2528 hic
1164 2470 1235 2528 sit
1262 2480 1466 2528 natura
1494 2470 1698 2542 factus,
1727 2479 1793 2528 ut
1819 2470 1948 2545 ipsa

509 2572 717 2638 sponte
748 2581 852 2620 sua
879 2562 1024 2619 forte
1054 2560 1399 2619 offensando
1427 2560 1653 2618 semina
1679 2578 1891 2633 rerum,

508 2652 869 2712 multimodis
897 2662 1115 2710 temere
1145 2652 1206 2709 in
1231 2651 1462 2709 cassum
1493 2651 1815 2726 frustraque
1843 2659 2054 2710 coacta
2193 2657 2322 2708 1060

508 2743 747 2802 tandem
775 2744 1039 2803 colarunt
1067 2762 1137 2801 ea
1163 2761 1315 2818 quae
1345 2744 1616 2801 coniecta
1642 2752 1884 2819 repente

508 2854 849 2911 magnarum
876 2854 1068 2915 rerum
1096 2834 1303 2892 fierent
1331 2834 1570 2893 exordia
1598 2852 1847 2909 semper,
2017 2883 2030 2921 ί

507 2926 675 2983 terrai
704 2926 874 2984 maris
899 2935 961 2983 et
989 2926 1135 2983 caeli
1164 2926 1510 3001 generisque
1542 2925 1923 2983 animantum.

507 3033 684 3090 quare
714 3016 889 3073 etiam
918 3026 1090 3091 atque
1120 3017 1295 3075 etiam
1328 3018 1454 3075 talis
1485 3017 1698 3075 fateare
1727 3033 1971 3075 necesse
2000 3024 2088 3072 est

508 3125 634 3165 esse
663 3107 805 3164 alios
832 3107 968 3166 alibi
996 3126 1339 3183 congressus
1369 3108 1646 3180 materiai,
2191 3113 2316 3178 1065

506 3197 691 3272 qualis
719 3197 813 3254 hic
842 3207 948 3270 est,
976 3198 1149 3256 avido
1180 3199 1492 3274 complexu
1523 3217 1702 3274 quem
1729 3207 1893 3257 tenet
1918 3195 2136 3257 aether.

588 3288 891 3347 Praeterea
919 3308 1056 3347 cum
1086 3290 1355 3347 materies
1384 3299 1473 3348 est
1501 3289 1680 3347 multa
1708 3298 1926 3364 parata,

507 3394 644 3435 cum
670 3380 833 3438 locus
862 3389 951 3438 est
978 3391 1209 3455 praesto
1237 3399 1351 3438 nec
1378 3400 1471 3439 res
1499 3398 1612 3439 nec
1642 3398 1820 3438 causa
1846 3388 2102 3439 moratur

507 3460 639 3539 ulla,
668 3471 788 3546 geri
818 3468 1038 3528 debent
1064 3471 1334 3528 nimirum
1364 3481 1423 3529 et
1451 3470 1691 3529 confieri
1719 3489 1826 3531 reS.

511 3578 665 3616 nunc
695 3574 751 3617 et
782 3561 1097 3619 seminibus
1124 3562 1171 3619 si
1199 3571 1357 3619 tanta
1385 3572 1474 3619 est
1501 3563 1674 3637 copia
1700 3571 1982 3636 quantam
2191 3583 2317 3629 1070
