2784 3992
1545 80 1554 109 Ι
1659 74 1679 107 Χ

478 318 567 383 94
1149 314 1614 368 LUCRETIUS
2136 312 2282 383 [111.

476 494 553 535 ex
579 476 785 535 animo·
807 484 871 534 ut
898 475 1097 534 dicant
1127 479 1143 506 ‘
1164 476 1353 534 brevis
1382 476 1479 534 hic
1508 484 1596 533 est
1622 475 1840 533 fructus
1869 474 2140 534 homullis
2160 496 2178 548 3

476 567 591 625 iam
621 567 789 625 fuerit
817 584 1011 641 neque
1039 576 1176 642 post
1201 584 1484 641 umquam
1510 584 1784 623 revocare
1810 566 2046 624 licebit!
2187 585 2284 639 915

475 667 775 732 ‚tamquam
804 658 865 715 in
892 667 1079 715 morte
1108 657 1246 715 mali
1273 675 1411 714 cum
1441 657 1640 732 primis
1669 656 1784 713 hoc
1803 656 1885 714 sit
1913 674 2136 729 eorum,

474 747 639 823 quod
667 748 787 806 sitis
815 757 1017 805 exurat
1044 748 1287 805 miseros
1318 756 1496 822 atque
1527 746 1689 805 arida
1716 756 1916 818 torreS,

474 847 574 895 aut
601 839 746 896 aliae
776 838 939 896 cuius
968 837 1325 896 desiderium
1353 836 1602 897 insideat
1629 838 1730 895 rei.

474 946 586 985 nec
615 928 724 986 sibi
753 928 909 985 enim
938 928 1249 1003 quisquam
1277 937 1404 985 turn
1433 945 1494 985 se
1522 927 1818 1001 vitamque
1848 926 2103 1002 requirit,

472 1036 608 1075 cum
638 1018 851 1094 pariter
878 1036 1044 1076 mens
1072 1028 1130 1076 et
1159 1036 1372 1094 corpus
1400 1018 1590 1093 sopita
1617 1018 1926 1092 quiescunt
1946 1038 1964 1090 3
2185 1039 2285 1092 920

470 1127 608 1166 nam
635 1109 773 1167 licet
800 1118 1099 1167 aeternum
1127 1127 1235 1185 per
1259 1126 1370 1167 nos
1399 1108 1482 1167 sic
1510 1126 1637 1167 esse
1667 1126 1960 1183 soporem,

469 1218 584 1257 nec
612 1199 967 1258 desiderium
996 1201 1179 1259 nostri
1206 1218 1315 1259 nos
1342 1198 1545 1258 adficit
1572 1199 1770 1257 ullum.

470 1300 529 1348 et
556 1300 754 1348 tamen
783 1290 1238 1366 haudquaquam
1266 1299 1496 1349 nostros
1523 1298 1666 1349 tunc
1695 1290 1790 1348 illa
1817 1308 1924 1365 per
1949 1298 2105 1349 artus

468 1381 643 1457 longe
672 1381 747 1439 ab
775 1382 1065 1439 sensiferis
1092 1380 1412 1457 primordia
1438 1381 1694 1440 motibus
1722 1390 1931 1453 errant,

468 1491 604 1529 cum
633 1481 931 1546 correptus
961 1472 1143 1530 homo
1172 1490 1247 1530 ex
1273 1490 1486 1530 somno
1513 1490 1576 1530 se
1605 1471 1825 1547 colligit
1851 1472 1998 1547 ipse.
2180 1490 2277 1545 9²⁵

467 1563 649 1621 multo
678 1563 848 1638 igitur
875 1573 1125 1621 mortem
1154 1563 1345 1621 minus
1373 1561 1453 1620 ad
1482 1580 1592 1622 nos
1620 1580 1747 1621 esse
1776 1561 2176 1640 putandumst,

466 1653 515 1709 si
543 1654 733 1711 minus
762 1671 888 1711 esse
917 1662 1113 1728 potest
1140 1671 1318 1728 quam
1348 1652 1513 1728 quod
1541 1654 1622 1711 nil
1651 1671 1780 1712 esse
1807 1652 2076 1711 videmus
2096 1674 2116 1726 3

466 1744 652 1802 maior
678 1744 835 1802 enim
864 1744 1065 1802 turbae
1096 1742 1373 1803 disiectus
1403 1744 1666 1802 materiai

465 1834 841 1909 consequitur
867 1834 986 1892 leto
1014 1852 1128 1892 nec
1156 1835 1468 1911 quisquam
1496 1835 1828 1911 expergitus
1857 1842 2061 1907 exstat,

464 1924 671 2000 frigida
698 1943 874 2000 quem
898 1925 1081 1983 semel
1110 1934 1198 1983 est
1225 1926 1362 1983 vitai
1388 1944 1574 2001 pausa
1600 1934 1820 1983 secuta.
2177 1946 2279 1999 930

544 2014 817 2090 Denique
846 2016 895 2073 si
922 2034 1132 2073 vocem
1160 2034 1353 2075 rerum
1383 2026 1588 2075 natura
1614 2026 1857 2092 repente

463 2106 653 2164 mittat
681 2116 739 2164 et
766 2106 883 2164 hoc
911 2106 1083 2165 alicui
1108 2116 1373 2165 nostrum
1405 2108 1489 2165 sic
1519 2108 1784 2183 increpet
1813 2109 1940 2184 ipsa

463 2198 478 2224 ‘
498 2195 642 2272 quid
670 2196 774 2255 tibi
802 2206 964 2254 tanto
993 2207 1245 2273 operest,
1276 2198 1548 2269 mortaliS,
1581 2198 1751 2283 quod
1780 2200 1952 2258 nimis
1980 2200 2166 2275 aegris

459 2287 708 2345 luctibus
737 2286 1045 2363 indulges?
1076 2287 1223 2362 quid
1250 2298 1500 2346 mortem
1531 2290 1834 2364 congemis
1863 2308 1934 2348 ac
1963 2290 2106 2349 fles?

460 2396 595 2435 nam
624 2378 797 2453 gratis
826 2387 1097 2435 anteacta
1124 2378 1229 2436 fuit
1257 2379 1360 2437 tibi
1386 2379 1505 2436 vita
1531 2380 1805 2455 priorque
2174 2400 2271 2455 935

460 2481 519 2525 et
549 2486 667 2526 non
696 2468 895 2525 omnia
921 2478 1220 2543 pertusum
1249 2478 1529 2544 congesta
1557 2470 1725 2545 quasi
1752 2470 1814 2528 in
1840 2490 1939 2529 vas

458 2557 777 2616 commoda
803 2559 1125 2634 perfluxere
1154 2567 1331 2634 atque
1360 2560 1584 2635 ingrata
1611 2560 1878 2621 interiere
1904 2583 1917 2619 z

459 2667 562 2706 cur
587 2666 710 2707 non
737 2657 801 2706 ut
827 2648 1034 2724 plenus
1060 2649 1213 2708 vitae
1241 2650 1488 2709 conviva
1513 2651 1741 2710 recedis

458 2757 647 2813 aequo
676 2739 991 2813 animoque
1020 2740 1183 2815 capis
1209 2758 1495 2813 securam,
1525 2741 1713 2814 stulte,
1745 2742 2045 2817 quietem?

458 2830 546 2886 sin
576 2847 647 2887 ea
674 2847 825 2904 quae
854 2830 1071 2888 fructus
1099 2849 1355 2907 cumque
1386 2850 1450 2890 es
1478 2832 1703 2908 periere
1731 2833 1968 2908 profusa
2172 2855 2274 2907 940

456 2919 689 2993 vitaque
719 2925 780 2977 in
808 2920 1105 2995 offensust,
1137 2939 1242 2979 cur
1268 2922 1516 2997 amplius
1545 2922 1764 2981 addere
1795 2924 2044 2997 quaeri8‚

456 3028 681 3067 rursum
711 3010 874 3084 quod
902 3020 1104 3085 pereat
1132 3012 1282 3070 male
1312 3022 1372 3070 et
1399 3013 1686 3088 ingratum
1715 3013 1952 3072 occidat
1979 3032 2175 3086 omne,

456 3118 578 3157 non
606 3100 801 3175 potius
827 3101 978 3158 vitae
1007 3102 1189 3159 finem
1218 3103 1359 3160 facis
1388 3112 1564 3178 atque
1593 3104 1848 3161 laboris?
1974 3114 1980 3119 ’

455 3208 591 3248 nam
621 3190 723 3249 tibi
752 3201 1054 3266 praeterea
1080 3192 1244 3267 quod
1271 3193 1613 3251 machiner'
1598 3195 2025 3270 mveniamque,

456 3280 620 3356 quod
646 3281 893 3356 placeat,
923 3282 1003 3339 nil
1033 3290 1155 3340 est:
1203 3282 1414 3342 eadem
1443 3293 1577 3343 sunt
1605 3286 1805 3343 omnia
1833 3304 2080 3361 semper.
2169 3308 2266 3360 945

454 3372 503 3430 si
530 3372 633 3431 tibi
663 3390 785 3431 non
812 3373 977 3431 annis
1007 3391 1222 3448 corpus
1250 3374 1367 3431 iam
1397 3384 1618 3433 marcet
1647 3385 1704 3434 et
1732 3386 1886 3434 artus

454 3461 710 3520 confecti
737 3461 1031 3538 languent,
1061 3463 1271 3521 eadem
1300 3474 1496 3523 tamen
1526 3467 1725 3525 omnia
1751 3476 1986 3539 restant,

455 3554 655 3610 omnia
681 3553 729 3611 si
756 3572 963 3630 pergas
990 3555 1241 3613 vivendo
1269 3556 1502 3613 vincere
1533 3557 1741 3628 saecla,
