2784 3992
496 313 615 376 132
1160 310 1625 365 LUCRETms
2157 314 2294 383 [ιν.

474 472 761 547 'languent
788 472 983 530 officia
1009 481 1189 557 atque
1214 482 1476 549 aegrotat
1502 472 1657 531 fama
1682 473 1974 533 vacillans,

487 563 622 620 huic
651 563 809 621 lenta
836 573 895 622 et
921 564 1167 639 pulchra
1193 565 1253 621 in
1279 563 1533 639 pedibus
1561 565 1832 640 Sicyonia
1856 564 2050 624 rident
2175 582 2296 637 1125

486 655 707 712 scilicet
736 664 795 711 et
822 655 1072 729 grandes
1099 654 1267 713 viridi
1294 673 1433 713 cum
1462 655 1594 713 luce
1623 655 1917 730 zmaragdi

485 763 627 801 auro
657 745 1031 804 includuntur
1058 747 1374 824 teriturque
1406 746 1718 804 thalassina
1744 747 1920 804 vestis

485 834 731 893 adsidue
760 845 820 893 et
844 837 1089 894 Veneris
1118 836 1392 894 sudorem
1425 837 1679 895 exercita
1705 846 1890 912 potat.

488 935 546 983 et
573 926 725 984 bene
753 936 918 1001 parta
945 937 1172 1002 patrum
1203 928 1350 986 fiunt
1378 927 1746 997 anademata‚
1779 926 2001 998 mitrae,
2041 928 2049 939 '

484 1016 779 1074 interdum
808 1018 868 1073 in
895 1018 1106 1091 pallam
1135 1027 1311 1120 atque
1333 1018 1633 1076 Alidensia
1654 1019 1880 1094 Ciaque
1897 1026 2147 1076 vertunt.
2179 1035 2305 1088 1130

487 1107 698 1163 eximia
727 1116 887 1164 veste
916 1116 977 1165 et
1002 1108 1159 1165 victu
1189 1109 1471 1180 convivia,
1504 1107 1644 1180 ludi,

486 1197 702 1272 pocula
729 1198 949 1269 crebra,
977 1208 1279 1273 unguenta
1306 1217 1564 1257 coronae
1593 1208 1745 1257 serta
1771 1207 2064 1274 parantur,

486 1288 865 1362 nequiquam,
897 1289 1177 1362 quoniam
1207 1288 1408 1348 medio
1438 1288 1514 1347 de
1544 1291 1707 1347 fonte
1735 1289 2003 1365 leporum

488 1379 667 1453 surgit
694 1379 875 1435 amari
903 1379 1104 1453 aliquit
1132 1378 1297 1453 quod
1324 1381 1384 1437 in
1413 1381 1553 1455 ipsis
1582 1380 1818 1439 floribus
1846 1388 2039 1456 angat,

487 1479 589 1527 aut
616 1487 753 1525 cum
783 1470 1055 1527 conscius
1084 1470 1209 1545 ipse
1238 1471 1468 1529 animus
1498 1488 1560 1529 se
1589 1472 1739 1529 forte
1769 1471 2067 1530 remordet
2179 1488 2303 1545 1135

489 1559 782 1617 desidiose
811 1577 983 1635 agere
1014 1570 1267 1618 aetatem
1294 1561 1602 1636 lustrisque
1631 1562 1840 1637 perire,

488 1659 588 1710 aut
614 1649 778 1726 quod
806 1650 869 1708 in
896 1651 1172 1725 ambiguo
1201 1651 1444 1709 verbum
1473 1652 1722 1710 iaculata
1747 1652 1977 1728 reliquit

489 1739 653 1815 quod
680 1739 901 1815 cupido
930 1740 1192 1799 adfixum
1220 1741 1387 1800 cordi
1410 1742 1652 1800 vivescit
1680 1752 1745 1800 ut
1772 1744 1938 1818 igniS‚

488 1840 589 1889 aut
616 1831 861 1889 nimium
889 1832 1103 1890 iactare
1133 1833 1338 1891 oculos
1367 1832 1619 1891 aliumve
1649 1834 1797 1891 tueri

488 1919 654 1996 quod
680 1922 932 1996 putat.in
961 1923 1239 1997 voltuque
1267 1922 1431 1981 videt
1457 1924 1700 1999 vestigia
1725 1925 1888 1983 risus.
2183 1944 2308 1992 1140

569 2014 763 2087 Atque
781 2013 842 2069 in
863 2032 1061 2071 amore
1081 2014 1233 2071 mala
1252 2013 1401 2071 haec
1415 2015 1652 2089 proprio
1675 2033 2022 2089 summeque
2044 2014 2309 2074 secundo

488 2104 894 2162 inveniuntur:
927 2105 987 2162 in
1016 2103 1262 2163 adverso
1289 2124 1430 2163 vero
1458 2115 1634 2182 atque
1663 2106 1830 2181 inopi
1857 2116 2010 2179 sunt,

489 2193 777 2269 prendere
807 2212 957 2269 quae
987 2197 1174 2269 possis
1202 2196 1508 2253 oculorum
1537 2195 1757 2254 lumine
1785 2207 2011 2271 opert0‚

492 2284 969 2358 innumerabilia;
1011 2294 1077 2343 ut
1103 2286 1312 2344 melius
1338 2286 1573 2361 vigilare
1602 2287 1675 2344 sit
1701 2296 1856 2359 ante,

492 2393 609 2451 qua
635 2374 816 2434 docui
842 2376 1086 2448 ratione,
1118 2394 1445 2451 cavereque
1471 2394 1549 2435 ne
1577 2378 1863 2437 inliciatis,
2179 2396 2299 2450 1145

490 2484 628 2524 nam
656 2466 855 2537 vitare,
885 2467 1084 2541 plagas
1113 2467 1174 2524 in
1202 2468 1418 2526 amoris
1446 2486 1523 2525 ne
1552 2468 1846 2540 iaciamur,

491 2574 613 2613 non
640 2556 719 2613 ita
746 2555 979 2614 difficile
1010 2567 1098 2615 est
1126 2575 1305 2632 quam
1334 2568 1574 2633 captum
1603 2557 1820 2617 retibus
1849 2558 1990 2633 ipsis

493 2646 651 2704 exire
678 2655 738 2705 et
764 2646 988 2705 validos
1016 2647 1261 2705 Veneris
1289 2666 1668 2723 perrumpere
1696 2647 1908 2707 nodos,

492 2747 552 2795 et
580 2746 778 2794 tamen
806 2738 1118 2812 implicitus
1148 2756 1387 2812 quoque
1417 2740 1606 2813 possis
1634 2740 1814 2813 inque
1844 2738 2079 2814 peditus

492 2827 746 2902 effugere
776 2827 1069 2899 infestum,
1099 2829 1209 2886 nisi
1238 2838 1363 2886 tute
1391 2830 1497 2887 tibi
1526 2830 1734 2887 obvius
1764 2830 1962 2887 obstes
2184 2847 2307 2900 1150

493 2927 553 2975 et
579 2919 1001 2992 praetermittas
1030 2920 1211 2976 animi
1237 2920 1381 2977 vitia
1409 2920 1608 2978 omnia
1635 2920 1889 2995 primum

458 2992 593 3067 'aut
620 3027 769 3084 quae
800 3010 1049 3084 corpori'
1078 3020 1212 3068 sunt
1240 3011 1381 3082 eius,
1412 3010 1638 3085 siquam
1667 3012 1816 3086 petis
1845 3029 1914 3068 ac
1940 3011 2044 3068 vis,

492 3118 634 3157 nam
662 3099 882 3158 faciunt
910 3100 1177 3159 homines
1205 3102 1551 3176 plerumque
1581 3102 1858 3177 cupidine
1886 3102 2053 3185 caeci

494 3199 553 3247 et
579 3190 837 3249 tribuunt
865 3209 937 3249 ea
964 3210 1113 3265 quae
1142 3210 1263 3249 non
1292 3201 1426 3249 sunt
1455 3192 1542 3250 his
1569 3192 1888 3251 commoda
1913 3210 2067 3251 vere.

493 3270 851 3339 multimodis
880 3282 1050 3357 igitur
1076 3300 1281 3356 pravas
1309 3283 1612 3357 turpisque
1640 3282 1908 3341 videmus
2184 3300 2308 3357 1155

493 3389 621 3431 esse
650 3372 710 3429 in
738 3372 966 3438 deliciis,
988 3388 1337 3447 summoque
1365 3373 1426 3431 in
1454 3372 1678 3431 honore
1704 3374 1917 3450 vigere.

492 3472 670 3538 atque
697 3462 838 3521 alios
866 3462 959 3520 alii
984 3462 1239 3520 inrident
1264 3463 1673 3538 Veneremque
1701 3464 1950 3523 siiadent

456 3588 461 3591 -
493 3562 560 3611 ut
584 3553 838 3629 placent,
869 3554 1146 3628 quoniam
1175 3552 1354 3611 foedo
1382 3554 1754 3613 adflictentur
1781 3573 1998 3627 amore,
