2784 3992
502 279 630 342 206
1151 291 1630 345 *LUCRETIUS
2177 290 2314 361 [v1.

498 470 737 513 cernere
766 452 1001 511 odorari
1026 453 1165 511 licet
1191 462 1252 511 et
1279 453 1490 511 sentire
1521 469 1744 511 sonare.
2212 469 2310 526 935

580 545 977 603 Nuncomnis
1004 554 1267 619 repetam
1295 562 1472 618 quam
1500 562 1630 601 raro
1660 560 1904 618 corpore
1933 542 2047 601 sint
2073 560 2166 601 res

496 652 958 694 commemorare
980 655 997 707 ;
1042 634 1205 708 quod
1234 635 1294 691 in
1322 634 1512 709 primo
1543 651 1781 708 quoque
1811 633 2066 691 carmine
2097 629 2294 693 claret.

495 727 715 802 quippe
744 726 982 797 etenim,
1010 743 1367 801 quamquam
1398 725 1607 783 multas
1637 724 1751 782 hoc
1780 724 2032 800 pertinet
2061 724 2140 782 ad
2165 742 2260 783 res

494 835 759 887 noscere,
789 835 923 873 cum
953 816 1153 891 primis
1181 815 1332 872 hanc
1362 814 1441 873 ad
1470 833 1594 873 rem
1623 816 1887 890 protinus
1915 815 2121 890 ipsam,

495 926 613 982 qua
639 906 715 965 de
746 907 1026 965 disserere
1054 905 1383 981 adgredior,
1413 906 1642 964 firmare
1672 914 1970 964 necessest
2209 926 2311 979 940

496 999 575 1056 nil
604 1016 731 1056 esse
759 998 820 1054 in
848 1008 1125 1073 promptu
1153 996 1261 1054 nisi
1289 995 1537 1053 mixtum
1566 1014 1780 1071 corpus
1808 996 1984 1055 inani.

494 1089 785 1164 principio
815 1088 879 1145 fit
905 1097 969 1144 ut
998 1088 1058 1145 in
1086 1087 1378 1163 speluncis
1408 1105 1548 1143 saxa
1573 1104 1826 1161 superne

494 1178 708 1237 sudent
738 1196 940 1237 umore
970 1188 1029 1235 et
1056 1178 1231 1253 guttis
1262 1177 1620 1235 manantibu’
1653 1178 1884 1237 stillent.

495 1278 691 1327 manat
718 1269 859 1327 item
886 1269 1055 1327 nobis
1084 1287 1117 1327 e
1149 1277 1275 1326 toto
1304 1286 1551 1343 corpore
1580 1266 1778 1340 sudor,

491 1361 699 1419 crescit
724 1361 905 1419 barba
932 1360 1155 1435 pilique
1178 1378 1282 1435 per
1310 1361 1513 1418 omnia
1541 1360 1820 1432 membra,
1861 1377 1969 1436 per
1995 1369 2168 1419 artus.
2210 1376 2308 1433 945

493 1451 713 1509 diditur
739 1451 799 1509 in
828 1470 1007 1509 venas
1034 1452 1200 1509 cibus
1229 1450 1442 1521 omniS,
1471 1460 1646 1525 auget
1673 1451 1890 1524 alitque

491 1542 751 1617 corporis
781 1551 1068 1600 extremas
1098 1559 1335 1616 quoque
1364 1541 1540 1617 partis
1568 1541 2052 1615 unguiculosque.

490 1633 666 1707 frigus
694 1632 835 1690 item
865 1633 1104 1689 transire
1134 1650 1239 1706 per
1265 1649 1365 1689 aes
1394 1630 1769 1705 calidumque
1799 1649 2080 1707 vaporem

491 1724 789 1795 sentimuS,
820 1724 1101 1781 sentimus
1128 1724 1268 1781 item
1296 1722 1539 1780 transire
1566 1739 1674 1797 per
1701 1741 1907 1780 aurum

490 1824 666 1889 atque
695 1831 801 1888 per
827 1823 1149 1889 argentum,
1178 1832 1315 1870 cum
1345 1813 1560 1887 pocula
1587 1812 1762 1889 plena
1789 1823 2078 1871 tenemus
2209 1830 2309 1887 950

488 1904 745 1978 denique
774 1922 879 1979 per
907 1904 1199 1979 dissaepta
1228 1903 1541 1961 domorum
1571 1922 1746 1961 saxea
1774 1922 1949 1962 voces

488 1994 851 2070 pervolitant,
882 2004 1185 2069 permanat
1213 1994 1362 2052 odor
1391 1994 1684 2069 frigusque
1713 2012 2013 2070 vaposque

486 2086 654 2161 igniS,
685 2085 784 2159 qui
814 2085 944 2142 ferri
973 2102 1211 2159 quoque
1240 2086 1357 2142 vim
1386 2095 1691 2160 penetrare
1721 2086 1909 2143 suevit

487 2175 743 2250 denique
772 2194 889 2251 qua
916 2176 1137 2233 circum
1166 2176 1317 2234 Galli
1347 2176 1526 2233 lorica
1555 2185 1809 2234 coercet.

488 2276 565 2339 et,
596 2276 943 2341 tempestate
974 2267 1031 2324 in
1061 2275 1211 2324 terra
1238 2266 1522 2340 caeloque
1553 2275 1773 2337 coorta,
2203 2283 2297 2340 955

488 2357 759 2415 morbida
785 2357 984 2431 visque
1014 2356 1183 2414 simul
1212 2374 1349 2413 cum
1378 2356 1740 2414 extrinsecus
1769 2354 2108 2430 insinuatur,

486 2448 548 2505 in
577 2447 802 2505 caelum
835 2457 1129 2521 terrasque
1158 2456 1418 2504 remotae
1448 2446 1572 2504 iura
1599 2447 1911 2518 facessunt,

490 2536 977 2612 quandoquidem
1006 2538 1086 2595 nil
1116 2547 1204 2595 est
1231 2537 1341 2594 nisi
1369 2555 1500 2595 raro
1529 2538 1778 2612 corpori'
1808 2554 1981 2595 nexu.

575 2630 717 2685 Huc
746 2627 978 2685 accedit
1009 2627 1091 2684 uti
1120 2646 1243 2686 non
1270 2628 1486 2698 omnia,
1517 2645 1669 2702 quae
1700 2628 1989 2686 iaciuntur

486 2736 737 2793 corpora
764 2736 1019 2792 cumque
1048 2719 1123 2776 ab
1151 2719 1343 2791 rebuS,
1373 2717 1589 2775 eodem
1619 2717 1882 2794 praedita
1909 2735 2082 2777 sensu
2205 2724 2301 2791 960

486 2818 665 2883 atque
695 2807 912 2867 eodem
941 2818 1117 2883 pacto
1147 2809 1318 2866 rebus
1348 2809 1462 2865 sint
1490 2809 1761 2866 omnibus
1782 2818 1943 2883 apta.

487 2899 780 2973 principio
810 2909 1019 2957 terram
1048 2900 1135 2957 sol
1164 2900 1445 2973 excoquit
1473 2909 1531 2956 et
1561 2899 1699 2957 facit
1726 2916 1844 2970 are,

486 2999 545 3046 at
573 2989 821 3064 glaciem
851 2989 1109 3047 dissolvit
1139 2999 1197 3046 et
1225 2990 1351 3047 altis
1380 2990 1679 3047 montibus
1708 2989 1852 3047 altas

484 3089 891 3153 extructasque
923 3080 1085 3137 nives
1112 3079 1287 3137 radiis
1316 3080 1615 3136 tabescere
1645 3079 1821 3154 cogit.

484 3170 743 3246 denique
772 3187 909 3227 cera
936 3170 1158 3243 liquefit
1186 3170 1248 3227 in
1277 3170 1401 3226 eius
1431 3182 1601 3245 posta
1629 3187 1865 3244 vapore.
2203 3176 2292 3242 965

484 3262 634 3336 ignis
662 3261 802 3318 item
830 3260 1115 3333 liquidum
1147 3260 1282 3318 facit
1312 3278 1411 3317 aes
1439 3278 1760 3334 aurumque
1789 3258 2040 3333 resolvit,

484 3360 544 3407 at
572 3350 731 3408 coria
758 3360 815 3408 et
845 3369 1080 3407 carnem
1113 3350 1286 3408 trahit
1314 3360 1373 3407 et
1402 3350 1684 3408 conducit
1713 3351 1773 3407 in
1804 3368 2007 3409 unum.

486 3459 655 3497 umor
682 3457 869 3513 aquae
900 3458 1074 3514 porro
1104 3442 1317 3497 ferrum
1348 3440 1636 3498 condurat
1663 3442 1740 3499 ab
1769 3442 1909 3517 igni,

486 3536 546 3583 at
573 3530 732 3585 coria
758 3537 818 3585 et
845 3547 1082 3586 carnem
1113 3530 1295 3587 mollit
1324 3530 1542 3587 durata-
1557 3531 1770 3589 calore.
