2784 3992
526 308 637 381 11.]
1013 306 1120 361 DE
1171 305 1462 363 RERUM
1517 306 1861 364 NATURA
2253 308 2288 378 3
2299 310 2330 380 5

521 472 569 530 si
596 490 719 531 non
746 489 924 530 aurea
950 480 1084 530 sunt
1110 472 1383 529 iuvenum
1413 471 1718 529 simulacra
1745 490 1852 547 per
1877 472 2058 533 aedes

521 560 821 638 lampadas
850 563 1115 637 igniferas
1145 562 1411 619 manibus
1440 562 1748 620 retinentia
1775 563 2012 638 dextris,
2275 584 2334 638 ²5

520 654 742 711 lumina
768 654 1064 711 nocturnis
1094 653 1277 727 epulis
1307 663 1371 709 ut
1402 653 1866 727 suppeditentur,

522 762 636 801 nec
663 744 875 802 domus
904 752 1145 818 argento
1172 744 1355 817 fulget
1378 761 1640 817 auroque
1669 745 1900 804 renidet

521 853 633 891 nec
664 834 916 892 citharae
945 836 1189 892 reboant
1214 834 1486 907 laqueata
1513 844 1829 911 aurataque
1860 846 2034 910 tecta,

523 944 659 982 cum
687 935 884 983 tamen
912 926 1063 983 inter
1089 943 1150 982 se
1180 926 1452 1000 prostrati
1480 926 1539 982 in
1567 927 1826 1001 gramine
1856 928 2016 985 molli

522 1025 759 1090 propter
786 1034 971 1091 aquae
1001 1017 1185 1074 rivum
1216 1017 1325 1074 sub
1353 1017 1526 1074 ramis
1555 1017 1773 1075 arboris
1803 1017 1951 1076 altae
2271 1039 2338 1091 30

521 1096 645 1164 non
674 1107 895 1181 magnis
925 1106 1137 1181 opibus
1167 1106 1424 1164 iucunde
1454 1125 1702 1182 corpora
1728 1118 1951 1181 curant,

520 1197 857 1272 praesertim
889 1216 1027 1255 cum
1054 1206 1369 1272 tempestas
1399 1196 1628 1256 adridet
1655 1207 1715 1256 et
1741 1199 1879 1256 anni

520 1297 787 1363 tempora
814 1298 1211 1363 conspergunt
1238 1287 1534 1346 viridantis
1563 1288 1798 1347 floribus
1827 1289 2053 1349 herbas,

518 1364 637 1436 nec
662 1378 886 1436 calidae
916 1375 1084 1437 citius
1112 1377 1413 1437 decedunt
1441 1397 1686 1454 corpore
1716 1380 1924 1452 febreS,

518 1469 812 1528 textilibus
841 1470 889 1529 si
918 1470 978 1528 in
1006 1469 1245 1545 picturis
1275 1478 1552 1542 ostroque
1581 1471 1812 1528 rubenti
2269 1490 2332 1544 35

518 1560 767 1633 iacteris,
796 1578 973 1635 quam
1001 1561 1050 1619 si
1076 1560 1137 1617 in
1166 1560 1394 1634 plebeia
1423 1569 1582 1618 veste
1613 1561 1951 1618 cubandum
1982 1571 2090 1621 est.

518 1661 875 1727 quapropter
902 1651 1181 1727 quoniam
1209 1650 1289 1706 nil
1318 1660 1520 1707 nostro
1548 1650 1608 1707 in
1639 1669 1886 1725 corpore
1915 1670 2091 1727 gazae

517 1742 832 1817 proficiunt
860 1759 1054 1815 neque
1086 1741 1353 1799 nobilitas
1383 1759 1496 1798 nec
1525 1741 1705 1815 gloria
1732 1742 1914 1815 regni,

516 1832 681 1907 quod
710 1842 987 1907 superest,
1018 1832 1217 1889 animo
1245 1848 1482 1905 quoque
1513 1831 1591 1888 nil
1618 1831 1898 1905 prodesse
1927 1832 2252 1906 putandum
2272 1853 2291 1906 ς

515 1924 563 1980 si
590 1942 713 1982 non
743 1924 889 1980 forte
918 1932 1045 1979 tuas
1072 1922 1331 1996 legiones
1360 1939 1466 1996 per
1493 1921 1626 1978 loca
1653 1922 1847 1996 campi
2265 1944 2330 1991 40

514 2014 734 2071 fervere
764 2031 901 2071 curn
928 2010 1127 2069 videas
1155 2011 1287 2069 belli
1318 2011 1624 2068 simulacra
1651 2012 1876 2082 cientiS,

514 2103 784 2161 subsidiis
812 2103 1036 2177 magnis
1066 2112 1124 2159 et
1152 2120 1323 2159 ecum
1353 2102 1409 2158 vi
1437 2101 1847 2172 constabilitaS,

513 2204 863 2268 ornatasque
892 2194 1065 2250 armis
1094 2200 1309 2249 statuas
1336 2192 1663 2266 pariterque
1693 2193 1995 2264 animata3‚

513 2284 603 2342 his
632 2286 737 2342 tibi
766 2293 891 2341 tum
918 2284 1091 2342 rebus
1121 2282 1454 2340 timefactae
1483 2281 1790 2357 religiones

512 2374 796 2450 effugiunt
823 2374 1020 2432 animo
1048 2371 1259 2448 pavide
1282 2393 1301 2446 ;
1344 2373 1660 2447 mortisque
1690 2374 1927 2431 timores
2261 2391 2324 2445 45

509 2474 637 2523 tum
666 2483 917 2523 vacuum
943 2474 1155 2539 pectus
1179 2464 1404 2521 lincunt
1433 2480 1686 2537 curaque
1717 2463 1987 2535 solutum,

510 2556 733 2614 fervere
762 2574 899 2613 cum
929 2551 1127 2612 videas
1158 2555 1403 2611 classem
1433 2553 1663 2626 lateque
1692 2553 1901 2627 vagari.

510 2646 677 2721 quod
708 2646 754 2703 si
782 2645 1027 2703 ridicula
1055 2645 1199 2701 haec
1229 2640 1590 2719 ludibriaque
1623 2661 1749 2701 esse
1778 2642 2063 2715 videmuS,

509 2756 571 2795 re
601 2754 855 2811 veraque
884 2745 1074 2793 metus
1103 2734 1405 2791 hominum
1435 2752 1724 2807 curaeque
1755 2752 2038 2807 sequaces

508 2846 623 2885 nec
650 2836 920 2885 metuunt
948 2827 1168 2884 sonitus
1198 2843 1489 2882 armorum
1519 2843 1630 2881 nec
1660 2825 1780 2881 fera
1808 2824 1923 2882 tela

509 2918 905 2991 audacterque
935 2917 1083 2997 inter
1111 2934 1275 2990 reges
1302 2934 1612 2989 rerumque
1643 2915 1896 2989 potentis
2259 2932 2324 2986 50

507 3018 809 3067 versantur
835 3024 1029 3081 neque
1062 3006 1341 3081 fulgorem
1371 3016 1708 3063 reverentur
1735 3005 1809 3064 ab
1837 3024 1979 3064 auro

508 3118 623 3158 nec
651 3100 871 3157 clarum
899 3098 1074 3155 vestis
1103 3096 1478 3171 splendorem
1508 3095 1838 3170 purpureai,

510 3188 655 3265 quid
682 3189 913 3248 dubitas
942 3189 1084 3262 quin
1114 3188 1293 3245 omni’
1325 3188 1397 3244 sit
1426 3186 1570 3243 haec
1598 3187 1823 3244 rationi’
1854 3187 2154 3260 potestas?

511 3280 701 3339 omnis
730 3298 867 3338 cum
894 3279 956 3336 in
983 3277 1236 3335 tenebris
1265 3276 1600 3351 praesertim
1629 3277 1746 3334 vita
1773 3276 2012 3335 laboret.

510 3390 648 3429 nam
676 3371 853 3429 veluti
881 3370 1047 3446 pueri
1076 3367 1368 3442 trepidant
1398 3377 1573 3441 atque
1603 3368 1802 3425 omnia
1829 3367 2019 3425 caecis
2253 3381 2315 3435 55

510 3461 571 3519 in
598 3461 853 3519 tenebris
881 3469 1169 3529 metuunt,
1199 3458 1281 3515 sic
1312 3476 1418 3515 nos
1448 3458 1508 3514 in
1525 3458 1665 3515 luce
1694 3458 1965 3514 timemus

511 3551 822 3621 interdum,
852 3551 973 3609 nilo
1002 3567 1153 3623 quae
1182 3556 1317 3605 sunt
1347 3546 1662 3604 metuenda
1689 3546 1870 3618 magis
1899 3562 2076 3617 quarn
