2784 3992
488 334 629 407 ιιι]
820 310 824 314 ’
966 335 1077 386 DE
1129 334 1422 388 RERUM
1478 335 1824 389 NATURA
2210 336 2296 405 79

1884 398 1912 419 Ὦ

482 496 746 580 adposita
771 497 1005 555 alternis
1031 496 1267 569 variare,
1296 515 1368 555 ac
1394 505 1633 555 nectere
1661 498 1943 557 membra.

480 606 617 645 nam
644 606 781 646 cum
810 588 994 645 multo
1023 596 1157 645 sunt
1184 588 1416 645 animae
1445 588 1737 645 elementa
1765 586 1992 647 minora

482 696 655 753 quam
685 678 895 753 quibus
926 695 958 735 e
988 695 1200 752 corpus
1230 678 1401 735 nobis
1431 687 1490 734 et
1517 677 1739 735 viscera
1767 689 2056 751 constant,
2193 698 2288 751 375

480 778 603 826 tum
632 786 879 826 numero
909 786 1147 842 quoque
1178 766 1520 825 concedunt
1549 777 1608 825 et
1634 787 1760 826 rara
1787 787 1894 845 per
1921 779 2078 828 artus
2123 783 2128 789 ’

481 859 680 917 dissita
706 870 841 917 sunt
868 858 1170 915 dumtaxat
1190 878 1207 930 3
1240 867 1304 914 ut
1332 857 1448 915 hoc
1477 860 1815 933 promittere
1844 862 2051 935 possiS,

481 950 757 1024 quantula
783 949 971 1024 prima
1000 958 1220 1023 queant
1250 949 1422 1011 nobis
1451 949 1665 1007 iniecta
1692 950 1846 1008 ciere

480 1058 729 1115 corpora
758 1039 1067 1097 sensiferos
1096 1048 1290 1097 motus
1320 1040 1379 1096 in
1409 1058 1676 1115 corpore,
1707 1050 1868 1098 tanta

480 1131 775 1189 intervalla
801 1140 999 1187 tenere
1031 1130 1274 1187 exordia
1300 1130 1746 1205 prima'animai.
2195 1139 2294 1202 380

479 1240 615 1279 nam
645 1239 839 1296 neque
869 1221 1121 1296 pulveris
1150 1220 1442 1278 interdum
1473 1222 1756 1280 sentimus
1783 1221 2105 1285 adhaesum

480 1329 726 1387 corpore
756 1330 870 1369 nec
900 1312 1175 1378 membris
1203 1312 1500 1370 incussam
1529 1311 1718 1370 sidere
1749 1322 1986 1384 cretam,

480 1421 593 1461 nec
620 1404 896 1461 nebulam
924 1396 1103 1461 noctu
1134 1421 1327 1477 neque
1357 1404 1553 1464 aranei
1582 1404 1777 1461 tenvia
1803 1404 1901 1461 fila

480 1494 651 1552 obvia
680 1495 974 1565 sentimuS,
1006 1493 1246 1568 quando
1277 1494 1599 1552 obretimur
1628 1503 1856 1566 eunteS‚

480 1602 592 1642 nec
620 1602 831 1659 supera
858 1594 1034 1659 caput
1063 1583 1328 1642 eiusdem
1358 1583 1643 1642 cecidisse
1672 1585 1886 1643 vietam
2197 1595 2292 1656 385

479 1687 699 1734 vestem
728 1694 845 1739 nec
872 1675 1099 1750 plumas
1129 1676 1323 1732 avium
1352 1693 1701 1750 papposque
1729 1675 1978 1734 volantis

480 1767 578 1840 qui
606 1767 788 1823 nimia
814 1766 1044 1823 levitate
1074 1765 1296 1823 cadunt
1324 1766 1668 1840 plerumque
1696 1767 1994 1841 gravatim,

479 1874 589 1935 nec
618 1856 877 1931 repentis
906 1857 1049 1913 itum
1081 1856 1588 1930 cuiusviscumque
1619 1856 1927 1914 animantis

478 1948 760 2005 sentimus
788 1965 902 2005 nec
930 1948 1093 2022 priva
1120 1946 1342 2021 pedum
1370 1946 1614 2022 vestigia
1641 1965 1930 2021 quaeque,

478 2056 725 2114 corpore
754 2056 907 2112 quae
938 2038 998 2095 in
1026 2048 1225 2095 nostro
1256 2038 1473 2094 culices
1504 2047 1562 2094 et
1592 2047 1786 2095 cetera
1814 2047 2063 2112 ponunt.
2200 2056 2297 2109 390

478 2148 662 2204 usque
694 2128 847 2186 adeo
876 2130 1035 2203 prius
1066 2138 1153 2185 est
1182 2129 1243 2185 in
1271 2128 1440 2195 nobis
1470 2127 1652 2185 multa
1678 2127 1956 2186 ciendum

480 2238 656 2294 quam
687 2218 1009 2294 primordia
1036 2220 1352 2276 sentiscant
1380 2236 1673 2276 concussa
1698 2219 1913 2276 animai

480 2312 702 2369 semina
730 2310 1072 2385 corporibus
1101 2310 1307 2367 nostris
1336 2309 1580 2366 inmixta
1606 2326 1713 2383 per
1739 2318 1918 2383 artus„

480 2411 538 2458 et
564 2420 743 2475 quam
772 2400 833 2457 in
861 2400 949 2457 his
978 2399 1288 2457 intervallis
1317 2399 1630 2457 tuditantia
1657 2400 1883 2474 possint

480 2509 829 2550 concursare
858 2491 1015 2549 coire
1046 2501 1105 2548 et
1134 2490 1435 2548 dissultare
1461 2489 1737 2549 vicissim.
2201 2506 2296 2562 395

560 2585 638 2641 Et
666 2582 850 2657 magis
879 2592 968 2639 est
996 2582 1225 2639 animus
1252 2581 1389 2639 vitai
1419 2582 1668 2639 claustra
1694 2599 1978 2639 coercens

481 2685 539 2732 et
565 2673 966 2731 dominantior
991 2671 1068 2730 ad
1096 2673 1272 2730 vitam
1302 2690 1481 2746 quam
1511 2672 1594 2729 vis
1623 2672 1856 2729 animai.

480 2782 615 2821 nam
644 2764 770 2821 sine
801 2773 998 2829 mente
1029 2763 1345 2836 animoque
1376 2762 1580 2837 nequit
1610 2760 1862 2819 residere
1893 2779 1999 2835 per
2025 2772 2182 2819 artus

480 2854 758 2930 temporis
787 2854 1057 2928 exiguam
1084 2863 1311 2927 partem
1341 2871 1474 2927 pars
1503 2852 1618 2908 ulla
1645 2852 1878 2922 animai,

480 2945 583 3003 sed
613 2962 817 3002 comes
846 2944 1165 3017 insequitur
1193 2944 1358 3001 facile
1392 2942 1731 3000 et·discedit
1760 2943 1819 2999 in
1849 2961 2014 2999 auras
2199 2964 2299 3009 400

481 3046 537 3093 et
564 3034 793 3111 gelidos
823 3044 977 3091 artus
1008 3035 1066 3091 in
1096 3034 1195 3091 leti
1225 3035 1434 3108 frigore
1463 3034 1687 3108 linquit.

482 3136 539 3183 at
566 3135 767 3183 manet
796 3126 855 3182 in
887 3125 1004 3181 vita
1031 3126 1125 3182 cui
1156 3144 1323 3182 mens
1354 3125 1698 3198 animusque
1727 3122 2021 3181 remansit.

482 3216 745 3292 quamvis
777 3226 865 3273 est
894 3216 1115 3271 circum
1145 3215 1329 3272 caesis
1360 3215 1513 3271 lacer
1542 3215 1803 3289 undique
1834 3213 2111 3270 membris

482 3317 737 3378 truncus,
768 3305 1049 3380 adempta
1076 3306 1269 3363 anima
1298 3306 1520 3362 circum
1550 3306 1945 3379 membrisque
1974 3313 2201 3361 remota

481 3400 617 3468 vivit
646 3408 708 3457 et
736 3396 1021 3454 aetherias
1050 3396 1233 3454 vitalis
1263 3396 1505 3471 suscipit
1532 3414 1720 3455 auras.
2201 3412 2296 3463 405

483 3492 529 3549 si
556 3508 681 3549 non
710 3486 1089 3559 omnimodis,
1120 3497 1180 3544 at
1209 3505 1424 3562 magna
1451 3496 1623 3561 parte·
1645 3486 1859 3545 animai

482 3582 756 3662 privatuS,
788 3589 987 3638 tamen
1016 3578 1076 3637 in
1105 3579 1220 3636 vita
1250 3587 1560 3635 cunctatur
1586 3588 1646 3637 et
1675 3578 1872 3634 haeret
1890 3593 1912 3645 3
