2784 3992
493 306 619 378 1v.]
795 307 906 360 DE
958 308 1251 361 RERUM
1310 308 1654 362 NATURA
2181 312 2300 375 133

486 486 599 526 nec
628 486 734 526 sua
760 468 1081 543 respiciunt
1104 470 1298 528 miseri
1326 470 1478 528 mala
1506 471 1758 528 maxima
1785 487 1980 545 saepe.

487 560 650 635 nigra
676 560 988 619 melichrus
1018 570 1123 631 est,
1154 560 1440 619 inmunda
1467 570 1527 618 et
1557 560 1736 619 fetida
1764 578 2056 633 acosmOS,
2177 568 2304 619 1160

491 650 680 709 caesia
710 650 1054 720 Palladium,
1085 669 1332 709 nervosa
1358 662 1418 708 et
1447 652 1640 727 lignea
1666 651 1896 722 dorcas,

489 742 742 815 parvula,
772 741 1036 815 pumilio,
1067 741 1329 800 chariton
1361 743 1494 813 mia,
1526 752 1651 800 tota
1678 761 1903 801 merum
1933 744 2034 814 sal,

488 850 700 905 magna
725 841 901 905 atque
931 832 1181 890 inmanis
1209 833 1527 906 cataplexis
1555 834 1845 908 plenaque
1875 833 2133 892 honoris·

489 924 659 982 balba
686 924 847 998 loqui
876 942 997 981 non
1025 924 1168 999 quit,
1198 925 1434 995 traulizi,
1465 934 1628 981 muta
1654 924 1885 1000 pudens
1916 935 2004 983 est
2023 946 2042 999 ;

488 1024 547 1072 at
573 1014 819 1089 flagrans
847 1014 1054 1072 odiosa
1080 1016 1389 1089 loquacula
1419 1014 1805 1090 Lampadium
1835 1016 1919 1073 fit.
2180 1022 2303 1088 1165

489 1104 738 1163 ischnon
766 1106 1112 1163 eromenion
1139 1115 1265 1163 tum
1293 1106 1375 1177 fit,
1407 1124 1544 1163 cum
1572 1106 1763 1164 vivere
1791 1124 1914 1164 non
1941 1107 2066 1181 quit

489 1212 625 1270 prae
655 1195 847 1253 macie
868 1216 886 1268 ;
928 1194 1173 1253 rhadine
1201 1205 1395 1254 verost
1423 1196 1538 1254 iam
1568 1206 1798 1254 mortua
1823 1198 1983 1255 tussi.

489 1295 548 1343 at
572 1286 803 1344 tumida
829 1294 890 1344 et
916 1305 1241 1344 mammosa
1268 1287 1451 1346 Ceres
1479 1296 1566 1346 est
1596 1288 1723 1362 ipsa
1751 1288 1826 1346 ab
1856 1287 2098 1361 Iaccho,

490 1377 697 1435 simula
724 1377 918 1435 Silena
944 1395 1013 1435 ac
1042 1386 1303 1449 saturast,
1335 1378 1572 1436 labeosa
1597 1377 1873 1452 philema.

489 1477 685 1525 cetera
711 1466 795 1525 de
816 1484 1030 1543 genere
1060 1467 1175 1525 hoc
1204 1468 1446 1543 longum
1475 1478 1563 1525 est
1590 1468 1637 1526 si
1669 1467 1866 1525 dicere
1895 1486 2094 1527 coner.
2183 1490 2201 1524 1
2216 1488 2310 1534 170

490 1557 596 1616 sed
623 1567 824 1615 tamen
852 1567 979 1615 esto
1009 1558 1127 1615 iam
1155 1558 1464 1632 quantovis
1493 1558 1608 1616 oris
1638 1558 1882 1632 honore,

490 1648 585 1706 cui
609 1648 858 1706 Veneris
887 1648 1163 1706 membris
1190 1649 1276 1706 vis
1305 1648 1578 1707 omnibus
1607 1649 1928 1706 exoriatur:

489 1756 707 1814 nempe
724 1738 1129 1814 aliae-quoque
1148 1748 1282 1797 sunt
1302 1760 1320 1809 3
1351 1756 1569 1814 nempe
1589 1739 1699 1796 hac
1721 1740 1846 1797 sine
1864 1740 2112 1797 viximus
2130 1749 2266 1798 ante
2289 1759 2308 1813 ;

487 1846 707 1904 nempe
736 1828 947 1887 eadem
976 1829 1131 1901 facit,
1161 1839 1221 1887 et
1248 1830 1464 1888 scimus
1492 1831 1702 1900 facere,
1733 1831 1932 1887 omnia
1959 1831 2129 1905 turpi,

490 1928 550 1977 et
576 1920 851 1977 miseram
880 1920 1073 1977 taetris
1102 1937 1165 1977 se
1194 1919 1349 1977 suffit
1377 1918 1658 1978 odoribus
1687 1920 1815 1995 ipsa
1891 1974 1900 1981 ,
2180 1937 2302 1992 ¹175

489 2028 669 2086 quarn
696 2010 945 2067 famulae
974 2010 1149 2084 longe
1176 2010 1424 2085 fugitant
1450 2011 1761 2086 furtimque
1790 2010 2159 2071 cachinnant.

490 2111 550 2158 at
575 2101 885 2158 lacrimans
914 2101 1183 2158 exclusus
1211 2111 1439 2159 amator
1465 2102 1666 2158 limina
1693 2119 1870 2177 saepe

493 2191 730 2249 floribus
759 2201 820 2249 et
848 2192 1011 2249 sertis
1040 2192 1231 2265 operit
1258 2193 1562 2266 postisque
1592 2193 1878 2266 superbos

490 2282 697 2357 unguit
724 2282 1057 2339 amaracino
1088 2291 1147 2339 et
1174 2282 1393 2340 foribus
1423 2283 1596 2340 miser
1624 2282 1824 2340 oscula
1851 2283 2013 2357 figit3

488 2390 671 2447 quem
700 2373 766 2444 si,
790 2373 907 2429 iam
935 2373 1292 2442 ammissum,
1315 2373 1648 2430 venientem
1676 2371 1987 2431 offenderit
2014 2392 2152 2431 aura
2184 2382 2310 2431 1180

491 2482 611 2521 una
638 2461 843 2534 mod0,
874 2481 1080 2521 causas
1108 2462 1365 2521 abeundi
1397 2472 1637 2537 quaerat
1666 2463 1960 2535 honestaS,

492 2564 553 2612 et
579 2553 865 2612 meditata
891 2553 993 2612 diu
1023 2552 1197 2611 cadat
1223 2554 1338 2611 alte
1366 2563 1605 2628 sumpta
1632 2554 1906 2627 querella,

492 2645 847 2719 stultitiaque
875 2645 956 2703 ibi
984 2662 1047 2702 se
1078 2643 1337 2715 damnet,
1367 2644 1634 2703 tribuisse
1664 2643 1828 2719 quod
1857 2644 1936 2702 illi

492 2735 623 2810 plus
649 2733 845 2792 videat
873 2753 1050 2809 quam
1078 2735 1306 2793 mortali
1335 2734 1668 2793 concedere
1695 2752 1801 2809 par
1829 2744 1932 2794 est.

492 2843 605 2883 nec
632 2825 893 2883 Veneres
922 2835 1146 2903 nostras
1175 2826 1292 2883 hoc
1321 2826 1460 2883 fallit
1480 2846 1498 2899 3
1541 2844 1664 2901 quo
1692 2826 1876 2901 magis
1904 2826 2066 2901 ipsae
2183 2833 2306 2897 1185

494 2916 694 2973 omnia
721 2934 951 2973 summo
980 2934 1159 2991 opere
1189 2916 1297 2974 hos
1324 2917 1475 2974 vitae
1503 2916 1823 2992 poscaenia
1849 2917 2043 2974 celant

495 3024 645 3080 quos
671 3007 918 3063 retinere
944 3006 1146 3064 volunt
1174 3006 1598 3081 adstrictosque
1629 3025 1754 3065 esse
1783 3007 1843 3064 in
1870 3025 2088 3078 amore,

494 3097 872 3171 nequiquam,
902 3098 1180 3170 quoniam
1211 3107 1275 3154 tu
1303 3098 1501 3154 animo
1531 3107 1730 3155 tamen
1757 3098 1955 3156 omnia
1983 3097 2170 3173 possis

493 3187 831 3262 protrahere
858 3187 918 3244 in
947 3187 1141 3245 lucem
1168 3197 1345 3262 atque
1374 3188 1566 3246 omnis
1595 3188 1883 3263 inquirere
1910 3189 2056 3247 risus

494 3285 574 3349 et,
603 3276 653 3335 si
678 3277 832 3335 bello
860 3278 1113 3336 animost
1142 3287 1201 3335 et
1228 3297 1350 3336 non
1379 3277 1606 3351 odiosa,
1636 3279 1888 3337 vicissim
2175 3298 2301 3350 1190

489 3368 913 3444 pratermittere
943 3377 1002 3425 et
1029 3368 1296 3427 humanis
1324 3368 1654 3427 concedere
1681 3370 1872 3441 rebus·

578 3458 709 3516 Nec
736 3458 943 3516 mulier
968 3476 1203 3534 semper
1229 3459 1369 3517 ficto
1399 3460 1646 3535 suspirat
1673 3478 1871 3519 amore

488 3567 646 3625 quae
674 3549 982 3624 complexa
1007 3550 1111 3607 viri
1139 3569 1351 3625 corpus
1380 3569 1518 3607 cum
1547 3570 1792 3626 corpore
1820 3552 2005 3626 iungit
