2784 3992
499 322 625 393 IV.]
978 324 1088 376 DE
1140 323 1434 376 RERUM
1489 322 1833 376 NATURA
2189 324 2304 387 123

496 501 731 540 cernere
760 501 883 541 non
909 483 1063 557 potis
1086 492 1173 540 est
1192 482 1420 539 animus
1442 503 1459 553 3
1490 481 1739 557 proinde
1762 482 1962 540 omnia
1991 500 2142 556 quae
2175 492 2307 541 sunt
2357 508 2362 516 ·

495 584 792 648 praeterea
818 582 1081 648 pereunt,
1111 573 1223 631 nisi
1250 573 1449 646 siquae
1479 571 1556 630 ad
1583 591 1646 631 se
1675 573 1800 647 ipse
1829 574 2063 648 paravit.

496 665 619 739 ipse
647 673 812 739 parat
839 682 967 722 sese
995 682 1170 739 porro
1201 673 1514 738 speratque
1543 665 1801 721 futurum
2209 673 2302 736 805

497 765 558 812 ut
584 754 778 813 videat
806 754 968 829 quod
998 755 1375 828 consequitur
1403 773 1527 811 rem
1557 772 1855 828 quamque
1879 775 1896 827 3
1943 755 2007 813 fit
2036 774 2192 831 erg0.

497 864 689 903 nonne
720 844 883 903 vides
910 846 1115 903 oculos
1144 845 1339 914 etiam,
1371 863 1509 901 cum
1539 846 1734 901 tenvia
1765 864 1916 920 quae
1946 856 2081 905 sunt

496 954 732 993 cernere
762 944 1102 1011 coeperunt,
1133 934 1494 992 contendere
1524 953 1586 992 se
1617 945 1793 1010 atque
1821 956 2043 1013 parare,

494 1044 605 1083 nec
634 1026 758 1084 sine
788 1045 861 1083 eo
890 1026 1013 1083 fieri
1042 1043 1215 1100 posse
1245 1034 1310 1082 ut
1337 1043 1646 1083 cernamus
1674 1038 1845 1086 acute
1862 1030 1890 1087 ?
2208 1036 2308 1087 810

497 1127 554 1175 et
581 1126 777 1175 tamen
805 1118 867 1173 in
894 1118 1065 1175 rebus
1094 1134 1332 1191 quoque
1364 1117 1578 1192 apertis
1609 1137 1852 1177 noscere
1880 1119 2087 1195 possiS,

497 1208 542 1266 si
568 1226 689 1266 non
719 1207 983 1266 advertas
1012 1208 1291 1278 animum,
1322 1207 1571 1283 proinde
1601 1227 1727 1267 esse
1756 1211 1921 1284 quasi
1949 1211 2112 1269 omni

497 1308 759 1374 tempore
790 1308 1083 1357 semotum
1112 1298 1283 1355 fuerit
1311 1298 1604 1375 longeque
1633 1310 1941 1359 remotum.

495 1408 598 1447 cur
622 1390 795 1465 igitur
821 1390 1105 1460 mirumst,
1134 1390 1363 1448 animus
1391 1391 1441 1448 si
1469 1401 1664 1448 cetera
1689 1391 1882 1467 perdit

494 1490 898 1556 praeterquam
931 1480 1141 1554 quibus
1172 1491 1262 1538 est
1289 1481 1349 1538 in
1376 1481 1550 1539 rebus
1581 1481 1816 1540 deditus
1847 1483 2016 1559 ipse?
2210 1491 2304 1555 815

495 1571 711 1629 deinde
740 1571 1129 1646 adopinamur
1155 1571 1232 1630 de
1266 1571 1442 1647 signis
1472 1573 1724 1630 maxima
1754 1574 1944 1649 parvis

495 1681 563 1719 ac
590 1681 701 1720 nos
729 1662 790 1719 in
820 1661 1083 1719 fraudem
1113 1662 1409 1721 induimus
1437 1664 1812 1722 frustraminis
1840 1662 1994 1743 ipsi.]

575 1754 670 1810 Fit
698 1770 939 1828 quoque
968 1763 1034 1811 ut
1060 1754 1353 1811 interdum
1383 1772 1504 1811 non
1534 1755 1942 1830 suppeditetur
1967 1756 2163 1831 imago

496 1843 761 1902 eiusdem
788 1844 1033 1919 generis,
1063 1843 1170 1902 sed
1197 1845 1415 1901 semina
1441 1840 1592 1920 quae
1622 1845 1729 1903 fuit
1755 1855 1910 1918 ante,

496 1935 555 1991 in
582 1935 852 1993 manibus
882 1935 968 1992 vir
996 1936 1075 1991 uti
1104 1935 1289 1993 factus
1318 1935 1583 1994 videatur
1613 1935 1842 2008 adesse,
2212 1942 2312 1992 820

496 2035 595 2083 aut
621 2025 733 2082 alia
762 2044 835 2082 ex
862 2025 973 2082 alia
1000 2026 1176 2083 facies
1206 2034 1484 2100 aetasque
1518 2036 1810 2101 sequatur.

498 2116 661 2191 quod
690 2136 767 2174 ne
796 2117 1070 2174 miremur
1098 2135 1275 2192 sopor
1302 2127 1477 2191 atque
1511 2118 1724 2176 oblivia
1751 2127 1977 2176 curant.

580 2206 769 2285 [Illud
797 2207 859 2265 in
887 2206 973 2264 his
1002 2207 1175 2265 rebus
1202 2207 1405 2265 vitium
1435 2218 1737 2265 vementer
1764 2208 1978 2267 avessis

499 2298 769 2374 effugere,
801 2315 1054 2355 errorem
1082 2298 1377 2372 vitareque
1408 2308 1892 2373 praemetuenter‚

498 2390 717 2447 lumina
745 2407 819 2447 ne
849 2388 1026 2446 facia's
1057 2388 1359 2446 oculorum
1390 2389 1544 2446 clara
1572 2399 1786 2461 creata,
2215 2396 2311 2460 825

498 2480 833 2556 prospicere
862 2488 925 2537 ut
952 2497 1277 2554 possemuS‚
1308 2489 1367 2537 et
1393 2489 1458 2537 ut
1485 2480 1741 2555 proferre
1771 2498 2056 2555 queamus

500 2588 777 2647 proceros
805 2588 1027 2645 passm,
1057 2569 1193 2627 ideo
1223 2570 1447 2645 fastigia
1473 2588 1648 2646 posse

500 2680 760 2720 surarum
788 2679 859 2718 ac
888 2660 1171 2719 feminum
1198 2660 1452 2736 pedibus
1480 2660 1722 2719 fundata
1751 2660 1970 2736 plicari,

500 2752 775 2811 bracchia
800 2761 924 2810 tum
954 2744 1130 2827 porro
1158 2751 1360 2810 validis
1389 2770 1464 2809 ex
1490 2762 1628 2827 apta
1653 2752 1880 2809 lacertis

500 2861 628 2902 esse
657 2860 981 2918 manusque
1012 2841 1177 2900 datas
1206 2852 1449 2917 utraque
1480 2861 1552 2900 ex
1581 2852 1742 2917 parte
1775 2842 2082 2914 ministraS‚
2217 2850 2317 2913 830

499 2944 563 2992 ut
592 2934 785 2991 facere
813 2932 891 2990 ad
917 2933 1095 2990 vitam
1123 2951 1430 3008 possemus
1459 2928 1610 3008 quae
1641 2934 1787 2991 foret
1817 2950 1971 2990 usus,

500 3034 699 3082 cetera
725 3023 801 3081 de
830 3042 1043 3099 genere
1074 3023 1189 3082 hoc
1217 3024 1368 3082 inter
1394 3042 1804 3099 quaecumque
1833 3032 2148 3098 metantur,

501 3119 703 3173 omnia
729 3132 998 3189 perversa
1026 3124 1401 3189 praepostera
1428 3123 1562 3172 sunt
1590 3114 1834 3185 ratione,

502 3207 583 3263 nil
614 3204 750 3262 ideo
781 3204 1059 3279 quoniam
1088 3214 1344 3262 natumst
1372 3205 1434 3261 in
1464 3222 1710 3279 corpore
1742 3214 1804 3262 ut
1831 3204 1915 3262 uti

501 3314 830 3373 possemuS,
861 3294 968 3352 sed
997 3295 1161 3369 quod
1191 3304 1449 3353 natumst
1476 3295 1538 3353 id
1567 3306 1837 3371 procreat
1866 3314 2058 3354 usum.
2221 3300 2316 3365 835

500 3405 616 3445 nec
646 3386 752 3443 fuit
779 3395 913 3443 ante
941 3384 1137 3444 videre
1169 3387 1469 3444 oculorum
1500 3387 1719 3446 lumina
1747 3396 1884 3444 nata

496 3496 619 3538 nec
646 3475 820 3535 dictis
847 3493 1010 3534 orare
1039 3477 1195 3551 prius
1224 3496 1401 3551 quam
1430 3478 1626 3553 lingua
1651 3486 1918 3549 creatast‚
2309 3523 2325 3551 ,

498 3568 613 3628 sed
642 3568 838 3644 potius
864 3566 1037 3643 longe
1066 3568 1295 3643 linguae
1324 3568 1639 3643 praecessit
1667 3568 1830 3643 origo

2533 3668 2722 3869 Α.
