2784 3992
475 293 607 365 1v.]
957 290 1066 344 DE
1122 291 1414 344 RERUM
1471 289 1814 344 NATURA
2166 294 2286 359 109

469 464 529 514 et
556 475 692 513 cum
720 458 885 513 laeva
912 454 1051 514 data
1077 464 1184 527 est,
1213 455 1278 513 fit
1306 475 1506 514 rusum
1535 466 1598 513 ut
1626 454 1868 514 dextera
1894 455 2013 528 fiat,

466 546 605 605 inde
633 556 787 603 retro
815 565 1039 604 rursum
1067 545 1219 603 redit
1246 557 1304 604 et
1332 548 1686 605 convertitur
1713 546 1945 605 eodem.
2186 567 2285 617 310

468 638 610 712 quin
640 638 816 694 etiam
847 655 1254 711 quaecumque
1283 637 1564 694 latuscula
1591 648 1726 695 sunt
1754 637 2127 713 speculorum

466 727 716 785 adsimili
745 728 935 785 lateris
966 716 1183 784 flexura
1210 726 1476 801 praedita
1502 728 1700 798 nostri,

467 818 709 875 dextera
736 835 807 874 ea
834 828 1073 892 propter
1100 818 1269 875 nobis
1298 818 1603 875 simulacra
1630 818 1949 889 remittunt,

466 918 567 965 aut
595 908 733 982 quia
760 908 836 965 de
867 908 1108 982 speculo
1139 908 1199 965 in
1227 908 1531 982 speculum
1561 909 1897 966 transfertur
1923 908 2139 983 imago,

467 998 605 1056 inde
634 998 711 1055 ad
741 1016 850 1056 nos
880 998 1020 1055 elisa
1046 998 1135 1056 bis
1164 996 1414 1068 advolat,
1445 1008 1544 1055 aut
1572 1000 1748 1056 etiam
1778 997 1942 1073 quod
2185 1017 2283 1070 315

467 1090 688 1145 circum
716 1089 919 1163 agitur,
950 1106 1087 1145 cum
1116 1089 1290 1159 venit,
1322 1090 1515 1163 imago
1545 1099 1854 1164 propterea
1882 1087 2046 1163 quod

467 1179 617 1236 flexa
645 1180 830 1253 figura
858 1177 1047 1236 docet'
1064 1180 1286 1254 speculi
1315 1180 1643 1237 convertier
1669 1178 1747 1237 ad
1776 1198 1902 1238 nos·

468 1268 777 1344 indugredi
805 1288 979 1344 porro
1007 1270 1220 1344 pariter
1248 1270 1553 1327 simulacra
1580 1269 1917 1345 pedemque

466 1378 688 1435 ponere
718 1361 1029 1418 nobiscum
1060 1358 1266 1417 credas
1294 1370 1644 1435 gestumque
1673 1361 1885 1419 imitari

467 1461 784 1526 propterea
811 1450 968 1525 quia,
998 1450 1075 1507 de
1104 1451 1328 1525 speculi
1358 1470 1477 1525 qua
1503 1461 1667 1525 parte
1696 1450 1960 1524 recedaS,
2188 1471 2287 1521 320

466 1542 753 1599 continuo
783 1551 1087 1614 nequeunt
1116 1541 1271 1598 illinc
1299 1542 1607 1599 simulacra
1633 1542 1842 1599 reverti
1862 1563 1883 1615 5

466 1633 668 1691 omnia
696 1630 1181 1706 quandoquidem
1212 1632 1369 1707 cogit
1397 1642 1604 1689 natura
1633 1632 1831 1690 referri

466 1741 538 1781 ac
564 1722 780 1781 resilire
810 1723 886 1780 ab
915 1724 1087 1780 rebus
1116 1720 1194 1779 ad
1222 1740 1446 1797 aequos
1474 1723 1706 1780 reddita
1735 1723 1936 1782 flexus·

546 1811 870 1889 Splendida
896 1830 1070 1887 porro
1100 1813 1256 1870 oculi
1285 1814 1529 1887 fugitant
1556 1813 1854 1888 vitantque
1884 1813 2051 1873 tueri.

467 1904 555 1963 sol
582 1905 757 1961 etiam
787 1913 1009 1974 caecat,
1040 1912 1245 1960 contra
1272 1904 1319 1961 si
1347 1902 1590 1961 tendere
1618 1921 1845 1979 pergas,
2189 1922 2284 1975 325

465 2004 781 2072 propterea
809 1994 948 2069 quia
973 1994 1057 2051 vis
1086 2004 1350 2069 magnast
1378 1994 1558 2068 ipsius
1586 2005 1645 2052 et
1672 1995 1785 2052 alte

467 2090 603 2145 aera
628 2103 736 2160 per
762 2102 975 2160 purum
1002 2084 1248 2160 graviter
1276 2085 1582 2142 simulacra
1609 2084 1869 2143 feruntur

468 2184 529 2234 et
555 2177 766 2234 feriunt
794 2176 999 2233 oculos
1027 2176 1317 2234 turbantia
1343 2176 1788 2251 composituras.

468 2277 770 2343 praeterea
797 2265 1075 2341 splendor
1101 2267 1459 2342 quicumque
1488 2276 1577 2324 est
1604 2285 1739 2324 acer
1766 2265 1956 2325 adurit

468 2375 645 2433 saepe
675 2358 879 2415 oculos
909 2356 1047 2415 ideo
1076 2356 1241 2431 quod
1270 2356 1499 2414 semina
1526 2356 1790 2432 possidet
1818 2358 1966 2432 ignis
2190 2377 2288 2429 330

468 2449 667 2520 multa,
698 2447 964 2506 dolorem
993 2447 1176 2506 oculis
1205 2465 1357 2523 quae
1385 2448 1634 2523 gignunt
1662 2447 2031 2507 insinuando.

469 2538 657 2598 lurida
682 2548 985 2615 praeterea
1011 2537 1159 2596 fiunt
1187 2556 1598 2613 quaecumque
1627 2547 1862 2598 tuentur

468 2631 712 2706 arquati,
742 2629 881 2705 quia.
906 2629 1110 2687 luroris
1139 2628 1215 2687 de
1246 2646 1493 2703 corpore
1523 2646 1729 2687 eorum

468 2723 695 2780 semina
721 2720 904 2778 multa
931 2718 1115 2778 fluunt
1144 2719 1466 2778 simulacris
1494 2719 1670 2777 obvia
1697 2737 1910 2792 rerum,

468 2814 767 2887 multaque
797 2820 932 2869 sunt
959 2810 1142 2869 oculis
1172 2810 1231 2868 in
1260 2828 1463 2867 eorum
1493 2808 1751 2885 denique
1782 2810 1981 2883 mixta,
2191 2830 2286 2883 335

467 2922 619 2979 quae
648 2912 902 2979 contage
933 2920 1038 2960 sua
1064 2902 1379 2977 palloribus
1410 2902 1610 2959 omnia
1637 2902 1906 2976 pingunt.

467 3012 504 3052 e
533 2994 785 3053 tenebris
812 3002 1010 3051 autem
1039 3010 1188 3067 quae
1218 3002 1352 3051 sunt
1380 2993 1442 3050 in
1469 2993 1601 3049 luce
1631 3001 1864 3062 tuemur

466 3095 779 3160 propterea
806 3083 961 3158 quia,
992 3101 1128 3140 cum
1156 3084 1395 3158 propior
1424 3081 1681 3157 caliginis
1710 3085 1810 3141 aet

467 3185 591 3233 ater
619 3176 725 3232 init
754 3175 960 3232 oculos
988 3174 1146 3248 prior
1174 3183 1232 3231 et
1259 3172 1526 3248 possedit
1554 3182 1806 3247 apertOS,

466 3266 791 3340 insequitur
817 3263 1078 3322 candens
1107 3265 1416 3322 confestim
1444 3262 1672 3321 lucidus
1701 3267 1799 3323 aer
2191 3282 2286 3334 340

467 3356 571 3431 qui
598 3356 765 3431 quasi
793 3364 1001 3431 purgat
1029 3373 1133 3413 eos
1163 3372 1232 3412 ac
1260 3355 1452 3429 nigras
1482 3354 1719 3412 discutit
1748 3354 1980 3413 umbras

467 3447 615 3506 aseris
642 3446 791 3504 illius
814 3466 830 3518 3
874 3464 1013 3503 nam
1042 3445 1234 3504 multis
1262 3445 1523 3519 partibus
1552 3445 1650 3502 hic
1681 3455 1769 3503 est

468 3536 741 3599 mobilior
770 3537 1085 3612 multisque
1114 3535 1391 3594 minutior
1421 3546 1479 3593 et
1509 3553 1678 3610 mage
1705 3534 1948 3610 pollenS.
