2784 3992
1239 124 1280 152 fl

513 319 644 391 vr]
999 321 1109 373 DE
1161 321 1453 373 RERUM
1509 320 1855 376 NATURA
2201 326 2330 391 209

593 479 685 537 Fit
713 497 950 554 quoque
979 489 1043 537 ut
1071 498 1106 537 a
1132 478 1328 554 lapide
1357 480 1474 538 hoc
1502 480 1635 539 ferri
1662 490 1867 539 natura
1893 482 2137 543 recedat

511 569 822 642 interdum,
855 570 1052 645 fugere
1082 581 1257 645 atque
1287 572 1455 645 sequi
1484 582 1769 630 consueta
1794 573 2062 641 vicissim.

511 662 766 719 exultare
795 662 972 719 etiarn
1002 658 1401 720 Samothracia
1429 662 1613 720 ferrea
1639 660 1761 719 vidi

511 761 571 810 et
598 762 860 810 ramenta
886 745 1058 809 simul
1087 753 1216 810 ferri
1245 753 1431 809 furere
1463 753 1616 810 intus
1644 754 1847 811 ahenis
2202 774 2325 827 1045

511 842 571 899 in
598 843 868 917 scaphiiS‚
899 843 1044 917 lapis
1075 842 1168 899 hic
1200 844 1449 917 Magnes
1479 861 1617 899 cum
1645 843 1912 901 subditus
1943 854 2133 903 esset:
2301 834 2311 845 ’

510 951 695 1008 usque
724 931 877 990 adeo
907 934 1106 1007 fugere
1136 933 1210 990 ab
1238 952 1379 990 saxo
1408 934 1620 1007 gestire
1648 934 1891 992 videtur.

509 1041 642 1080 aere
671 1023 1021 1097 interposito
1051 1016 1347 1081 discordia
1373 1033 1533 1081 tanta
1563 1035 1790 1082 creatur

509 1124 818 1188 propterea
844 1114 984 1189 quia
1011 1114 1280 1172 nimirum
1309 1115 1468 1189 prius
1496 1125 1688 1197 aestus
1716 1116 1815 1175 ubi
1846 1117 1993 1175 aeris

509 1205 810 1280 praecepit
837 1205 1087 1280 ferrique
1115 1205 1237 1262 vias
1265 1204 1530 1279 possedit
1557 1216 1804 1279 apertas,
2204 1227 2329 1279 1050

511 1296 799 1371 posterior
825 1296 1034 1371 lapidis
1062 1296 1222 1353 venit
1250 1306 1446 1354 aestus
1473 1307 1534 1354 et
1562 1297 1763 1354 omnia
1788 1298 1965 1371 plena

509 1387 729 1444 invenit
757 1386 817 1443 in
846 1388 995 1443 ferro
1024 1404 1217 1460 neque
1247 1386 1425 1445 habet
1453 1405 1570 1461 qua
1596 1396 1785 1445 tranet
1815 1397 1878 1445 ut
1910 1397 2067 1447 ante.

510 1478 736 1553 cogitur
763 1477 1047 1535 offensare
1076 1478 1248 1551 igitur
1275 1478 1622 1552 pulsareque
1650 1476 1831 1535 fluctu

509 1569 692 1626 ferrea
718 1578 878 1625 texta
905 1586 1011 1625 suo
1035 1588 1052 1640 3
1095 1585 1214 1641 quo
1243 1577 1421 1642 pacto
1450 1568 1670 1642 respuit
1697 1568 1775 1625 ab
1803 1587 1866 1627 se

509 1668 683 1733 atque
711 1677 818 1733 per
843 1676 943 1715 aes
971 1658 1165 1733 agitat,
1197 1658 1332 1715 sine.
1349 1676 1425 1715 eo
1456 1657 1619 1732 quod
1648 1676 1827 1733 saepe
1855 1658 2135 1717 resorbet.
2200 1676 2290 1729 105
2296 1676 2323 1729 5

509 1748 648 1807 illud
679 1750 738 1807 in
769 1750 857 1806 his
884 1749 1056 1806 rebus
1086 1749 1275 1805 mirari
1304 1749 1489 1820 mitte,
1523 1748 1687 1822 quod
1715 1758 1908 1808 aestus

511 1858 630 1898 non
657 1841 807 1897 valet
837 1858 871 1897 e
899 1839 1094 1914 lapide
1125 1840 1240 1896 hoc
1269 1840 1409 1896 alias
1438 1840 1738 1914 impellere
1766 1839 1908 1897 item
1935 1858 2045 1899 res·
2320 1902 2325 1907 ,

510 1929 774 2005 pondere
806 1931 960 1987 enim
992 1922 1171 1987 fretae
1202 1930 1412 2004 partim
1444 1928 1633 2001 stan't3
1677 1929 1841 2005 quod
1868 1948 2053 2006 genus
2082 1948 2285 1988 aurum
2309 1951 2326 2000 3

511 2031 569 2080 et
596 2022 805 2097 partim
835 2039 962 2078 raro
992 2020 1130 2094 quia
1157 2030 1291 2077 sunt
1319 2039 1456 2077 cum
1486 2038 1751 2095 corpore,
1782 2031 1845 2078 ut
1872 2030 2064 2079 aestus

510 2113 770 2187 pervolet
797 2112 1065 2181 intactus,
1097 2120 1398 2185 nequeunt
1426 2110 1691 2185 inpellier
1717 2129 1965 2185 usquam
1985 2130 2004 2184 3
2200 2118 2327 2168 1060

509 2204 700 2279 lignea
727 2203 995 2260 materies
1023 2202 1084 2259 in
1113 2219 1232 2275 quo
1261 2219 1475 2276 genere
1506 2202 1633 2261 ess'e
1662 2200 1907 2260 videtur.

511 2294 902 2368 interutraque
932 2292 1103 2367 igitur
1129 2291 1259 2349 ferri
1289 2300 1493 2348 natura
1520 2292 1712 2349 locata

511 2384 656 2442 aeris
686 2383 783 2441 ubi
813 2383 1043 2457 accepit
1071 2381 1361 2458 quaedam
1391 2384 1755 2456 corpuscula,
1786 2392 1912 2441 tum
1940 2382 2024 2456 fit,

511 2474 788 2550 inpellant
817 2482 880 2531 ut
907 2491 1039 2530 earn
1071 2472 1376 2549 Magnesia
1404 2471 1642 2531 flumine
1672 2492 1829 2533 saxa.

594 2565 726 2622 Nec
755 2573 953 2621 tamen
984 2563 1130 2621 haec
1161 2564 1242 2621 ita
1269 2572 1404 2622 sunt
1432 2563 1671 2621 aliarum
1700 2581 1892 2622 rerum
1920 2564 2126 2634 aliena,
2200 2570 2322 2634 1065
2350 2572 2357 2578 '

513 2664 577 2713 ut
603 2654 745 2713 mihi
776 2655 956 2711 multa
985 2672 1189 2729 parum
1220 2672 1436 2730 genere
1466 2672 1540 2712 ex
1570 2654 1684 2713 hoc
1716 2652 2163 2729 suppeditentur

512 2763 662 2820 quae
692 2763 1016 2803 memorare
1046 2763 1260 2820 queam
1288 2746 1438 2803 inter
1465 2762 1528 2803 se
1558 2746 1875 2820 singlariter
1902 2753 2053 2821 apta.

513 2854 650 2894 saxa
676 2835 840 2894 vides
867 2836 1119 2910 primum
1148 2836 1270 2894 sola
1298 2836 1593 2893 colescere
1624 2836 1803 2895 calce.

512 2927 730 3001 glutine
759 2927 1028 2984 materies
1057 2928 1284 2985 taurino
1315 2925 1567 3002 iungitur
1594 2944 1732 2999 uno,

512 3027 577 3075 ut
603 3019 743 3075 vitio
771 3035 957 3074 venae
988 3018 1308 3075 tabularum
1337 3018 1570 3092 saepius
1600 3018 1829 3075 hiscant
2191 3034 2324 3093 1070

513 3126 688 3183 quam
720 3109 912 3165 laxare
943 3118 1161 3181 queant
1189 3126 1508 3182 compages
1536 3117 1737 3165 taurea
1761 3108 1970 3166 vincla.

513 3199 748 3274 vitigeni
778 3199 980 3255 latices
1011 3200 1178 3273 aquai
1213 3198 1468 3255 fontibus
1496 3197 1719 3255 audent

516 3290 763 3361 misceri,
794 3308 930 3346 curn
961 3290 1060 3363 pix
1088 3298 1342 3361 nequeat
1369 3288 1553 3362 gravis
1583 3297 1642 3345 et
1670 3288 1794 3344 leve
1825 3287 2057 3345 olivom.

515 3396 960 3455 purpureusque
990 3380 1152 3437 colos
1180 3378 1451 3454 conchyli
1480 3378 1731 3453 iungitur
1759 3396 1877 3435 uno

517 3488 764 3546 corpore
796 3488 935 3528 cum
965 3470 1149 3540 lanae,
1181 3467 1371 3526 dirimi
1402 3468 1503 3544 qui
1531 3487 1653 3526 non
1682 3478 1860 3542 queat
1888 3485 2152 3543 usquam,
2202 3484 2323 3537 ¹075

517 3579 640 3621 non
667 3562 716 3621 si
746 3561 1010 3636 Neptuni
1040 3560 1218 3618 fluctu
1245 3578 1524 3627 renovare
1554 3577 1795 3635 operam
1825 3558 1948 3630 des,

1373 3664 1427 3709 14

2678 3438 2741 3693 A
