<?xml version="1.0" encoding="UTF-8"?>
<!DOCTYPE html PUBLIC "-//W3C//DTD XHTML 1.0 Transitional//EN"
    "http://www.w3.org/TR/xhtml1/DTD/xhtml1-transitional.dtd">
<html xmlns="http://www.w3.org/1999/xhtml" xml:lang="en" lang="en">
 <head>
  <title>
</title>
<meta http-equiv="Content-Type" content="text/html;charset=utf-8" />
  <meta name='ocr-system' content='tesseract 3.04.00' />
  <meta name='ocr-capabilities' content='ocr_page ocr_carea ocr_par ocr_line ocrx_word'/>
</head>
<body>
  <div class='ocr_page' id='page_1' title='image "./tlucreticarider06unkngoog_0196.png"; bbox 0 0 2784 3992; ppageno 0'>
   <div class='ocr_carea' id='block_1_1' title="bbox 94 3730 247 3959">
    <p class='ocr_par' dir='ltr' id='par_1_1' title="bbox 94 3730 247 3959">
     <span class='ocr_line' id='line_1_1' title="bbox 94 3730 247 3959; textangle 90"><span class='ocrx_word' id='word_1_1' title='bbox 172 3956 247 3959; x_wconf 78' lang='grc' dir='ltr'>ι</span> <span class='ocrx_word' id='word_1_2' title='bbox 94 3730 245 3885; x_wconf 60' lang='grc' dir='ltr'><em>θ</em></span> 
     </span>
    </p>
   </div>
   <div class='ocr_carea' id='block_1_2' title="bbox 484 313 2284 388">
    <p class='ocr_par' dir='ltr' id='par_1_2' title="bbox 484 313 2284 388">
     <span class='ocr_line' id='line_1_2' title="bbox 484 313 2284 388; baseline 0.002 -23"><span class='ocrx_word' id='word_1_3' title='bbox 484 318 608 382; x_wconf 83' lang='lat'>134</span> <span class='ocrx_word' id='word_1_4' title='bbox 1160 316 1622 373; x_wconf 78' lang='lat' dir='ltr'>LucRETms</span> <span class='ocrx_word' id='word_1_5' title='bbox 2151 313 2284 388; x_wconf 84' lang='lat' dir='ltr'>[1v.</span> 
     </span>
    </p>
   </div>
   <div class='ocr_carea' id='block_1_3' title="bbox 465 478 2291 3637">
    <p class='ocr_par' dir='ltr' id='par_1_3' title="bbox 476 478 1786 541">
     <span class='ocr_line' id='line_1_3' title="bbox 476 478 1786 541; baseline 0.002 -3"><span class='ocrx_word' id='word_1_6' title='bbox 476 490 535 538; x_wconf 90' lang='lat' dir='ltr'>et</span> <span class='ocrx_word' id='word_1_7' title='bbox 562 490 725 540; x_wconf 91' lang='lat' dir='ltr'>tenet</span> <span class='ocrx_word' id='word_1_8' title='bbox 751 478 1009 539; x_wconf 89' lang='lat' dir='ltr'>adsuctis</span> <span class='ocrx_word' id='word_1_9' title='bbox 1036 492 1340 541; x_wconf 89' lang='lat' dir='ltr'>umectans</span> <span class='ocrx_word' id='word_1_10' title='bbox 1368 482 1570 541; x_wconf 86' lang='lat' dir='ltr'>oscula</span> <span class='ocrx_word' id='word_1_11' title='bbox 1597 482 1786 541; x_wconf 81' lang='lat' dir='ltr'>labris,</span> 
     </span>
    </p>

    <p class='ocr_par' dir='ltr' id='par_1_4' title="bbox 474 572 2286 675">
     <span class='ocr_line' id='line_1_4' title="bbox 474 572 2286 675; baseline 0.001 -46"><span class='ocrx_word' id='word_1_12' title='bbox 474 590 613 629; x_wconf 89' lang='lat' dir='ltr'>nam</span> <span class='ocrx_word' id='word_1_13' title='bbox 640 572 777 629; x_wconf 89' lang='lat' dir='ltr'>facit</span> <span class='ocrx_word' id='word_1_14' title='bbox 805 590 881 630; x_wconf 87' lang='lat' dir='ltr'>ex</span> <span class='ocrx_word' id='word_1_15' title='bbox 906 572 1105 631; x_wconf 89' lang='lat' dir='ltr'>animo</span> <span class='ocrx_word' id='word_1_16' title='bbox 1132 591 1308 649; x_wconf 86' lang='lat' dir='ltr'><strong>saepe</strong></span> <span class='ocrx_word' id='word_1_17' title='bbox 1338 583 1398 630; x_wconf 94' lang='lat' dir='ltr'>et</span> <span class='ocrx_word' id='word_1_18' title='bbox 1425 574 1764 631; x_wconf 89' lang='lat' dir='ltr'>communia</span> <span class='ocrx_word' id='word_1_19' title='bbox 1792 590 2076 675; x_wconf 81' lang='lat' dir='ltr'>quaerens</span> <span class='ocrx_word' id='word_1_20' title='bbox 2163 593 2286 671; x_wconf 83' lang='lat'>1195</span> 
     </span>
    </p>

    <p class='ocr_par' dir='ltr' id='par_1_5' title="bbox 473 662 1858 738">
     <span class='ocr_line' id='line_1_5' title="bbox 473 662 1858 738; baseline 0.001 -19"><span class='ocrx_word' id='word_1_21' title='bbox 473 662 689 737; x_wconf 89' lang='lat' dir='ltr'>gaudia</span> <span class='ocrx_word' id='word_1_22' title='bbox 716 663 982 721; x_wconf 87' lang='lat' dir='ltr'>sollicitat</span> <span class='ocrx_word' id='word_1_23' title='bbox 1009 664 1260 738; x_wconf 87' lang='lat' dir='ltr'>spatium</span> <span class='ocrx_word' id='word_1_24' title='bbox 1289 663 1598 721; x_wconf 88' lang='lat' dir='ltr'>decurrere</span> <span class='ocrx_word' id='word_1_25' title='bbox 1627 664 1858 723; x_wconf 79' lang='lat' dir='ltr'>amoris,</span> 
     </span>
    </p>

    <p class='ocr_par' dir='ltr' id='par_1_6' title="bbox 473 754 1865 829">
     <span class='ocr_line' id='line_1_6' title="bbox 473 754 1865 829; baseline 0.001 -19"><span class='ocrx_word' id='word_1_26' title='bbox 473 770 586 810; x_wconf 91' lang='lat' dir='ltr'>nec</span> <span class='ocrx_word' id='word_1_27' title='bbox 613 754 838 811; x_wconf 86' lang='lat' dir='ltr'>ratione</span> <span class='ocrx_word' id='word_1_28' title='bbox 866 754 977 811; x_wconf 90' lang='lat' dir='ltr'>alia</span> <span class='ocrx_word' id='word_1_29' title='bbox 1004 754 1269 813; x_wconf 89' lang='lat' dir='ltr'>volucres</span> <span class='ocrx_word' id='word_1_30' title='bbox 1299 764 1564 813; x_wconf 89' lang='lat' dir='ltr'>armenta</span> <span class='ocrx_word' id='word_1_31' title='bbox 1592 755 1865 829; x_wconf 87' lang='lat' dir='ltr'>feraeque</span> 
     </span>
    </p>

    <p class='ocr_par' dir='ltr' id='par_1_7' title="bbox 474 844 2026 920">
     <span class='ocr_line' id='line_1_7' title="bbox 474 844 2026 920; baseline 0.001 -19"><span class='ocrx_word' id='word_1_32' title='bbox 474 853 533 901; x_wconf 90' lang='lat' dir='ltr'>et</span> <span class='ocrx_word' id='word_1_33' title='bbox 559 844 821 918; x_wconf 89' lang='lat' dir='ltr'>pecudes</span> <span class='ocrx_word' id='word_1_34' title='bbox 850 854 909 902; x_wconf 92' lang='lat' dir='ltr'>et</span> <span class='ocrx_word' id='word_1_35' title='bbox 937 862 1125 919; x_wconf 89' lang='lat' dir='ltr'>equae</span> <span class='ocrx_word' id='word_1_36' title='bbox 1155 846 1410 903; x_wconf 80' lang='lat' dir='ltr'>maribus</span> <span class='ocrx_word' id='word_1_37' title='bbox 1438 845 1737 904; x_wconf 85' lang='lat' dir='ltr'>subsidere</span> <span class='ocrx_word' id='word_1_38' title='bbox 1768 854 2026 920; x_wconf 87' lang='lat' dir='ltr'>possent,</span> 
     </span>
    </p>

    <p class='ocr_par' dir='ltr' id='par_1_8' title="bbox 473 934 2020 1010">
     <span class='ocr_line' id='line_1_8' title="bbox 473 934 2020 1010; baseline 0.001 -18"><span class='ocrx_word' id='word_1_39' title='bbox 473 934 520 992; x_wconf 89' lang='lat' dir='ltr'>si</span> <span class='ocrx_word' id='word_1_40' title='bbox 549 952 689 1005; x_wconf 90' lang='lat' dir='ltr'>non,</span> <span class='ocrx_word' id='word_1_41' title='bbox 720 935 847 1010; x_wconf 90' lang='lat' dir='ltr'>ipsa</span> <span class='ocrx_word' id='word_1_42' title='bbox 874 934 1035 1009; x_wconf 92' lang='lat' dir='ltr'>quod</span> <span class='ocrx_word' id='word_1_43' title='bbox 1066 934 1294 992; x_wconf 91' lang='lat' dir='ltr'>illorum</span> <span class='ocrx_word' id='word_1_44' title='bbox 1324 936 1495 994; x_wconf 89' lang='lat' dir='ltr'>subat</span> <span class='ocrx_word' id='word_1_45' title='bbox 1523 935 1688 993; x_wconf 83' lang='lat' dir='ltr'>ardet</span> <span class='ocrx_word' id='word_1_46' title='bbox 1715 935 2020 994; x_wconf 87' lang='lat' dir='ltr'>abundans</span> 
     </span>
    </p>

    <p class='ocr_par' dir='ltr' id='par_1_9' title="bbox 471 1025 2289 1083">
     <span class='ocr_line' id='line_1_9' title="bbox 471 1025 2289 1083; baseline 0.001 -2"><span class='ocrx_word' id='word_1_47' title='bbox 471 1034 677 1081; x_wconf 89' lang='lat' dir='ltr'>natura</span> <span class='ocrx_word' id='word_1_48' title='bbox 706 1035 765 1082; x_wconf 90' lang='lat' dir='ltr'>et</span> <span class='ocrx_word' id='word_1_49' title='bbox 789 1025 1082 1082; x_wconf 87' lang='lat' dir='ltr'>Venerem</span> <span class='ocrx_word' id='word_1_50' title='bbox 1112 1026 1420 1083; x_wconf 84' lang='lat' dir='ltr'>salientum</span> <span class='ocrx_word' id='word_1_51' title='bbox 1450 1026 1601 1083; x_wconf 89' lang='lat' dir='ltr'>laeta</span> <span class='ocrx_word' id='word_1_52' title='bbox 1627 1035 1912 1083; x_wconf 86' lang='lat' dir='ltr'>retractat.</span> <span class='ocrx_word' id='word_1_53' title='bbox 2163 1046 2289 1083; x_wconf 86' lang='lat'>1200</span> 
     </span>
    </p>

    <p class='ocr_par' dir='ltr' id='par_1_10' title="bbox 471 1115 1979 1192">
     <span class='ocr_line' id='line_1_10' title="bbox 471 1115 1979 1192; baseline 0.001 -20"><span class='ocrx_word' id='word_1_54' title='bbox 471 1132 671 1172; x_wconf 90' lang='lat' dir='ltr'>nonne</span> <span class='ocrx_word' id='word_1_55' title='bbox 700 1115 863 1173; x_wconf 92' lang='lat' dir='ltr'>vides</span> <span class='ocrx_word' id='word_1_56' title='bbox 892 1117 1068 1173; x_wconf 89' lang='lat' dir='ltr'>etiam</span> <span class='ocrx_word' id='word_1_57' title='bbox 1098 1134 1246 1191; x_wconf 91' lang='lat' dir='ltr'>quos</span> <span class='ocrx_word' id='word_1_58' title='bbox 1275 1127 1478 1174; x_wconf 89' lang='lat' dir='ltr'>mutua</span> <span class='ocrx_word' id='word_1_59' title='bbox 1508 1134 1684 1191; x_wconf 89' lang='lat' dir='ltr'>saepe</span> <span class='ocrx_word' id='word_1_60' title='bbox 1714 1116 1979 1192; x_wconf 87' lang='lat' dir='ltr'>voluptas</span> 
     </span>
    </p>

    <p class='ocr_par' dir='ltr' id='par_1_11' title="bbox 470 1206 2002 1277">
     <span class='ocr_line' id='line_1_11' title="bbox 470 1206 2002 1277; baseline 0.002 -15"><span class='ocrx_word' id='word_1_61' title='bbox 470 1206 670 1277; x_wconf 86' lang='lat' dir='ltr'>vinxit,</span> <span class='ocrx_word' id='word_1_62' title='bbox 700 1215 765 1264; x_wconf 91' lang='lat' dir='ltr'>ut</span> <span class='ocrx_word' id='word_1_63' title='bbox 791 1206 852 1264; x_wconf 91' lang='lat' dir='ltr'>in</span> <span class='ocrx_word' id='word_1_64' title='bbox 881 1207 1082 1265; x_wconf 90' lang='lat' dir='ltr'>vinclis</span> <span class='ocrx_word' id='word_1_65' title='bbox 1113 1208 1525 1266; x_wconf 90' lang='lat' dir='ltr'>communibus</span> <span class='ocrx_word' id='word_1_66' title='bbox 1557 1208 2002 1265; x_wconf 83' lang='lat' dir='ltr'>excrucientur?</span> 
     </span>
    </p>

    <p class='ocr_par' dir='ltr' id='par_1_12' title="bbox 471 1296 1979 1372">
     <span class='ocr_line' id='line_1_12' title="bbox 471 1296 1979 1372; baseline 0.001 -19"><span class='ocrx_word' id='word_1_67' title='bbox 471 1296 531 1353; x_wconf 92' lang='lat' dir='ltr'>in</span> <span class='ocrx_word' id='word_1_68' title='bbox 560 1297 735 1355; x_wconf 90' lang='lat' dir='ltr'>triviis</span> <span class='ocrx_word' id='word_1_69' title='bbox 763 1314 942 1371; x_wconf 90' lang='lat' dir='ltr'>quam</span> <span class='ocrx_word' id='word_1_70' title='bbox 970 1316 1147 1372; x_wconf 87' lang='lat' dir='ltr'>saepe</span> <span class='ocrx_word' id='word_1_71' title='bbox 1179 1316 1373 1369; x_wconf 89' lang='lat' dir='ltr'>canes,</span> <span class='ocrx_word' id='word_1_72' title='bbox 1406 1297 1710 1357; x_wconf 88' lang='lat' dir='ltr'>discedere</span> <span class='ocrx_word' id='word_1_73' title='bbox 1740 1298 1979 1369; x_wconf 83' lang='lat' dir='ltr'>aventiS‚</span> 
     </span>
    </p>

    <p class='ocr_par' dir='ltr' id='par_1_13' title="bbox 470 1385 1833 1463">
     <span class='ocr_line' id='line_1_13' title="bbox 470 1385 1833 1463; baseline 0.002 -20"><span class='ocrx_word' id='word_1_74' title='bbox 470 1385 685 1444; x_wconf 89' lang='lat' dir='ltr'>divorsi</span> <span class='ocrx_word' id='word_1_75' title='bbox 712 1387 929 1463; x_wconf 90' lang='lat' dir='ltr'>cupide</span> <span class='ocrx_word' id='word_1_76' title='bbox 958 1389 1199 1446; x_wconf 90' lang='lat' dir='ltr'>summis</span> <span class='ocrx_word' id='word_1_77' title='bbox 1229 1406 1304 1446; x_wconf 87' lang='lat' dir='ltr'>ex</span> <span class='ocrx_word' id='word_1_78' title='bbox 1328 1389 1532 1447; x_wconf 88' lang='lat' dir='ltr'>viribu’</span> <span class='ocrx_word' id='word_1_79' title='bbox 1565 1388 1833 1460; x_wconf 90' lang='lat' dir='ltr'>tendunt,</span> 
     </span>
    </p>

    <p class='ocr_par' dir='ltr' id='par_1_14' title="bbox 468 1478 2285 1555">
     <span class='ocr_line' id='line_1_14' title="bbox 468 1478 2285 1555; baseline 0.001 -21"><span class='ocrx_word' id='word_1_80' title='bbox 468 1494 652 1551; x_wconf 91' lang='lat' dir='ltr'>quom</span> <span class='ocrx_word' id='word_1_81' title='bbox 681 1478 901 1535; x_wconf 89' lang='lat' dir='ltr'>interea</span> <span class='ocrx_word' id='word_1_82' title='bbox 928 1478 1131 1536; x_wconf 89' lang='lat' dir='ltr'>validis</span> <span class='ocrx_word' id='word_1_83' title='bbox 1158 1480 1404 1537; x_wconf 90' lang='lat' dir='ltr'>Veneris</span> <span class='ocrx_word' id='word_1_84' title='bbox 1432 1479 1816 1555; x_wconf 88' lang='lat' dir='ltr'>compagibus</span> <span class='ocrx_word' id='word_1_85' title='bbox 1845 1478 2086 1535; x_wconf 91' lang='lat' dir='ltr'>haerent</span> <span class='ocrx_word' id='word_1_86' title='bbox 2112 1480 2125 1535; x_wconf 79' lang='grc' dir='ltr'><strong>Ξ</strong></span> <span class='ocrx_word' id='word_1_87' title='bbox 2163 1495 2285 1549; x_wconf 81' lang='lat'>1205</span> 
     </span>
    </p>

    <p class='ocr_par' dir='ltr' id='par_1_15' title="bbox 469 1566 2152 1645">
     <span class='ocr_line' id='line_1_15' title="bbox 469 1566 2152 1645; baseline 0.001 -21"><span class='ocrx_word' id='word_1_88' title='bbox 469 1566 633 1641; x_wconf 91' lang='lat' dir='ltr'>quod</span> <span class='ocrx_word' id='word_1_89' title='bbox 663 1568 921 1626; x_wconf 88' lang='lat' dir='ltr'>facerent</span> <span class='ocrx_word' id='word_1_90' title='bbox 949 1587 1271 1643; x_wconf 86' lang='lat' dir='ltr'>numquam</span> <span class='ocrx_word' id='word_1_91' title='bbox 1301 1570 1410 1627; x_wconf 91' lang='lat' dir='ltr'>nisi</span> <span class='ocrx_word' id='word_1_92' title='bbox 1441 1580 1643 1627; x_wconf 89' lang='lat' dir='ltr'>mutua</span> <span class='ocrx_word' id='word_1_93' title='bbox 1669 1569 1886 1645; x_wconf 88' lang='lat' dir='ltr'>gaudia</span> <span class='ocrx_word' id='word_1_94' title='bbox 1911 1578 2152 1626; x_wconf 88' lang='lat' dir='ltr'>nossent</span> 
     </span>
    </p>

    <p class='ocr_par' dir='ltr' id='par_1_16' title="bbox 468 1658 2114 1736">
     <span class='ocr_line' id='line_1_16' title="bbox 468 1658 2114 1736; baseline 0.002 -22"><span class='ocrx_word' id='word_1_95' title='bbox 468 1675 621 1732; x_wconf 90' lang='lat' dir='ltr'>quae</span> <span class='ocrx_word' id='word_1_96' title='bbox 651 1658 840 1716; x_wconf 91' lang='lat' dir='ltr'>iacere</span> <span class='ocrx_word' id='word_1_97' title='bbox 870 1659 931 1717; x_wconf 91' lang='lat' dir='ltr'>in</span> <span class='ocrx_word' id='word_1_98' title='bbox 960 1659 1225 1717; x_wconf 80' lang='lat' dir='ltr'>fraudem</span> <span class='ocrx_word' id='word_1_99' title='bbox 1254 1670 1496 1736; x_wconf 90' lang='lat' dir='ltr'>possent</span> <span class='ocrx_word' id='word_1_100' title='bbox 1523 1661 1867 1734; x_wconf 90' lang='lat' dir='ltr'>vinctosque</span> <span class='ocrx_word' id='word_1_101' title='bbox 1895 1670 2114 1717; x_wconf 90' lang='lat' dir='ltr'>tenere.</span> 
     </span>
    </p>

    <p class='ocr_par' dir='ltr' id='par_1_17' title="bbox 466 1749 2287 1915">
     <span class='ocr_line' id='line_1_17' title="bbox 466 1749 2287 1825; baseline 0.002 -20"><span class='ocrx_word' id='word_1_102' title='bbox 466 1766 647 1823; x_wconf 88' lang='lat' dir='ltr'>quare</span> <span class='ocrx_word' id='word_1_103' title='bbox 678 1750 852 1806; x_wconf 86' lang='lat' dir='ltr'>etiam</span> <span class='ocrx_word' id='word_1_104' title='bbox 871 1759 1049 1824; x_wconf 88' lang='lat' dir='ltr'>atque</span> <span class='ocrx_word' id='word_1_105' title='bbox 1072 1751 1266 1823; x_wconf 89' lang='lat' dir='ltr'>etiam,</span> <span class='ocrx_word' id='word_1_106' title='bbox 1287 1761 1349 1808; x_wconf 91' lang='lat' dir='ltr'>ut</span> <span class='ocrx_word' id='word_1_107' title='bbox 1371 1749 1528 1822; x_wconf 80' lang='lat' dir='ltr'>dien,</span> <span class='ocrx_word' id='word_1_108' title='bbox 1553 1761 1641 1809; x_wconf 89' lang='lat' dir='ltr'>est</span> <span class='ocrx_word' id='word_1_109' title='bbox 1662 1751 1981 1809; x_wconf 90' lang='lat' dir='ltr'>communi&#39;</span> <span class='ocrx_word' id='word_1_110' title='bbox 2001 1749 2287 1825; x_wconf 79' lang='lat' dir='ltr'>voluptas,</span> 
     </span>
     <span class='ocr_line' id='line_1_18' title="bbox 550 1840 1913 1915; baseline 0.001 -18"><span class='ocrx_word' id='word_1_111' title='bbox 550 1840 627 1897; x_wconf 92' lang='lat' dir='ltr'>Et</span> <span class='ocrx_word' id='word_1_112' title='bbox 656 1840 1099 1913; x_wconf 88' lang='lat' dir='ltr'>commiscendo</span> <span class='ocrx_word' id='word_1_113' title='bbox 1128 1860 1310 1915; x_wconf 93' lang='lat' dir='ltr'>quom</span> <span class='ocrx_word' id='word_1_114' title='bbox 1340 1842 1564 1899; x_wconf 90' lang='lat' dir='ltr'>semine</span> <span class='ocrx_word' id='word_1_115' title='bbox 1594 1842 1741 1899; x_wconf 85' lang='lat' dir='ltr'>forte</span> <span class='ocrx_word' id='word_1_116' title='bbox 1769 1842 1913 1899; x_wconf 89' lang='lat' dir='ltr'>virili</span> 
     </span>
    </p>

    <p class='ocr_par' dir='ltr' id='par_1_18' title="bbox 466 1929 2290 2006">
     <span class='ocr_line' id='line_1_19' title="bbox 466 1929 2290 2006; baseline 0 -19"><span class='ocrx_word' id='word_1_117' title='bbox 466 1929 683 1987; x_wconf 85' lang='lat' dir='ltr'>femina</span> <span class='ocrx_word' id='word_1_118' title='bbox 711 1931 827 1988; x_wconf 91' lang='lat' dir='ltr'>vim</span> <span class='ocrx_word' id='word_1_119' title='bbox 855 1931 992 1989; x_wconf 87' lang='lat' dir='ltr'>vicit</span> <span class='ocrx_word' id='word_1_120' title='bbox 1022 1932 1212 1989; x_wconf 87' lang='lat' dir='ltr'>subita</span> <span class='ocrx_word' id='word_1_121' title='bbox 1239 1932 1295 1989; x_wconf 88' lang='lat' dir='ltr'>vi</span> <span class='ocrx_word' id='word_1_122' title='bbox 1324 1932 1739 2006; x_wconf 90' lang='lat' dir='ltr'>corripuitque,</span> <span class='ocrx_word' id='word_1_123' title='bbox 2163 1951 2290 1987; x_wconf 85' lang='lat'>1210</span> 
     </span>
    </p>

    <p class='ocr_par' dir='ltr' id='par_1_19' title="bbox 466 2021 1859 2092">
     <span class='ocr_line' id='line_1_20' title="bbox 466 2021 1859 2092; baseline 0.001 -15"><span class='ocrx_word' id='word_1_124' title='bbox 466 2029 593 2077; x_wconf 89' lang='lat' dir='ltr'>tum</span> <span class='ocrx_word' id='word_1_125' title='bbox 621 2021 834 2079; x_wconf 90' lang='lat' dir='ltr'>similes</span> <span class='ocrx_word' id='word_1_126' title='bbox 864 2031 1113 2079; x_wconf 89' lang='lat' dir='ltr'>matrum</span> <span class='ocrx_word' id='word_1_127' title='bbox 1144 2032 1410 2079; x_wconf 89' lang='lat' dir='ltr'>materno</span> <span class='ocrx_word' id='word_1_128' title='bbox 1443 2022 1665 2080; x_wconf 90' lang='lat' dir='ltr'>semine</span> <span class='ocrx_word' id='word_1_129' title='bbox 1693 2022 1859 2092; x_wconf 91' lang='lat' dir='ltr'>fiunt,</span> 
     </span>
    </p>

    <p class='ocr_par' dir='ltr' id='par_1_20' title="bbox 466 2112 1945 2187">
     <span class='ocr_line' id='line_1_21' title="bbox 466 2112 1945 2187; baseline 0.002 -20"><span class='ocrx_word' id='word_1_130' title='bbox 466 2119 532 2167; x_wconf 93' lang='lat' dir='ltr'>ut</span> <span class='ocrx_word' id='word_1_131' title='bbox 559 2112 817 2186; x_wconf 87' lang='lat' dir='ltr'>patribus</span> <span class='ocrx_word' id='word_1_132' title='bbox 846 2112 1053 2186; x_wconf 78' lang='lat' dir='ltr'>patrio,</span> <span class='ocrx_word' id='word_1_133' title='bbox 1083 2112 1191 2170; x_wconf 92' lang='lat' dir='ltr'>sed</span> <span class='ocrx_word' id='word_1_134' title='bbox 1220 2130 1369 2187; x_wconf 92' lang='lat' dir='ltr'>quos</span> <span class='ocrx_word' id='word_1_135' title='bbox 1398 2113 1699 2187; x_wconf 90' lang='lat' dir='ltr'>utriusque</span> <span class='ocrx_word' id='word_1_136' title='bbox 1727 2113 1945 2187; x_wconf 86' lang='lat' dir='ltr'>figurae</span> 
     </span>
    </p>

    <p class='ocr_par' dir='ltr' id='par_1_21' title="bbox 468 2201 1922 2278">
     <span class='ocr_line' id='line_1_22' title="bbox 468 2201 1922 2278; baseline 0.001 -19"><span class='ocrx_word' id='word_1_137' title='bbox 468 2219 595 2259; x_wconf 90' lang='lat' dir='ltr'>esse</span> <span class='ocrx_word' id='word_1_138' title='bbox 622 2201 804 2273; x_wconf 84' lang='lat' dir='ltr'>videS,</span> <span class='ocrx_word' id='word_1_139' title='bbox 837 2203 1039 2260; x_wconf 84' lang='lat' dir='ltr'>iuxtim</span> <span class='ocrx_word' id='word_1_140' title='bbox 1068 2203 1381 2261; x_wconf 87' lang='lat' dir='ltr'>miscentes</span> <span class='ocrx_word' id='word_1_141' title='bbox 1411 2202 1568 2261; x_wconf 89' lang='lat' dir='ltr'>vulta</span> <span class='ocrx_word' id='word_1_142' title='bbox 1594 2213 1922 2278; x_wconf 86' lang='lat' dir='ltr'>parentum,</span> 
     </span>
    </p>

    <p class='ocr_par' dir='ltr' id='par_1_22' title="bbox 467 2291 2045 2369">
     <span class='ocr_line' id='line_1_23' title="bbox 467 2291 2045 2369; baseline 0.001 -20"><span class='ocrx_word' id='word_1_143' title='bbox 467 2309 714 2366; x_wconf 90' lang='lat' dir='ltr'>corpore</span> <span class='ocrx_word' id='word_1_144' title='bbox 743 2291 819 2350; x_wconf 88' lang='lat' dir='ltr'>de</span> <span class='ocrx_word' id='word_1_145' title='bbox 848 2294 1035 2368; x_wconf 89' lang='lat' dir='ltr'>patrio</span> <span class='ocrx_word' id='word_1_146' title='bbox 1065 2303 1123 2351; x_wconf 90' lang='lat' dir='ltr'>et</span> <span class='ocrx_word' id='word_1_147' title='bbox 1151 2303 1419 2351; x_wconf 88' lang='lat' dir='ltr'>materno</span> <span class='ocrx_word' id='word_1_148' title='bbox 1447 2294 1728 2369; x_wconf 90' lang='lat' dir='ltr'>sanguine</span> <span class='ocrx_word' id='word_1_149' title='bbox 1756 2301 2045 2365; x_wconf 86' lang='lat' dir='ltr'>crescunt,</span> 
     </span>
    </p>

    <p class='ocr_par' dir='ltr' id='par_1_23' title="bbox 466 2382 2284 2459">
     <span class='ocr_line' id='line_1_24' title="bbox 466 2382 2284 2459; baseline 0.001 -19"><span class='ocrx_word' id='word_1_150' title='bbox 466 2382 691 2440; x_wconf 88' lang='lat' dir='ltr'>semina</span> <span class='ocrx_word' id='word_1_151' title='bbox 718 2401 857 2440; x_wconf 92' lang='lat' dir='ltr'>cum</span> <span class='ocrx_word' id='word_1_152' title='bbox 883 2383 1127 2441; x_wconf 91' lang='lat' dir='ltr'>Veneris</span> <span class='ocrx_word' id='word_1_153' title='bbox 1156 2383 1401 2441; x_wconf 91' lang='lat' dir='ltr'>stimulis</span> <span class='ocrx_word' id='word_1_154' title='bbox 1431 2384 1622 2442; x_wconf 85' lang='lat' dir='ltr'>excita</span> <span class='ocrx_word' id='word_1_155' title='bbox 1648 2402 1754 2459; x_wconf 92' lang='lat' dir='ltr'>per</span> <span class='ocrx_word' id='word_1_156' title='bbox 1782 2393 1936 2442; x_wconf 82' lang='lat' dir='ltr'>artus</span> <span class='ocrx_word' id='word_1_157' title='bbox 2157 2404 2246 2441; x_wconf 86' lang='lat'>121</span> <span class='ocrx_word' id='word_1_158' title='bbox 2251 2402 2284 2457; x_wconf 84' lang='lat'>5</span> 
     </span>
    </p>

    <p class='ocr_par' dir='ltr' id='par_1_24' title="bbox 468 2472 1784 2549">
     <span class='ocr_line' id='line_1_25' title="bbox 468 2472 1784 2549; baseline 0.002 -19"><span class='ocrx_word' id='word_1_159' title='bbox 468 2472 642 2530; x_wconf 88' lang='lat' dir='ltr'>obvia</span> <span class='ocrx_word' id='word_1_160' title='bbox 670 2473 928 2531; x_wconf 84' lang='lat' dir='ltr'>conflixit</span> <span class='ocrx_word' id='word_1_161' title='bbox 958 2474 1300 2549; x_wconf 89' lang='lat' dir='ltr'>conspirans</span> <span class='ocrx_word' id='word_1_162' title='bbox 1329 2485 1566 2532; x_wconf 91' lang='lat' dir='ltr'>mutuus</span> <span class='ocrx_word' id='word_1_163' title='bbox 1593 2474 1784 2546; x_wconf 84' lang='lat' dir='ltr'>ardor,</span> 
     </span>
    </p>

    <p class='ocr_par' dir='ltr' id='par_1_25' title="bbox 468 2554 2105 2640">
     <span class='ocr_line' id='line_1_26' title="bbox 468 2554 2105 2640; baseline 0.002 -19"><span class='ocrx_word' id='word_1_164' title='bbox 468 2573 526 2621; x_wconf 90' lang='lat' dir='ltr'>et</span> <span class='ocrx_word' id='word_1_165' title='bbox 553 2580 747 2637; x_wconf 90' lang='lat' dir='ltr'>neque</span> <span class='ocrx_word' id='word_1_166' title='bbox 775 2554 968 2622; x_wconf 81' lang='lat' dir='ltr'>utrum</span> <span class='ocrx_word' id='word_1_167' title='bbox 998 2565 1291 2639; x_wconf 88' lang='lat' dir='ltr'>superavit</span> <span class='ocrx_word' id='word_1_168' title='bbox 1320 2583 1525 2623; x_wconf 90' lang='lat' dir='ltr'>eorum</span> <span class='ocrx_word' id='word_1_169' title='bbox 1553 2582 1666 2623; x_wconf 88' lang='lat' dir='ltr'>nec</span> <span class='ocrx_word' id='word_1_170' title='bbox 1697 2574 2105 2640; x_wconf 87' lang='lat' dir='ltr'>superatumst.</span> 
     </span>
    </p>

    <p class='ocr_par' dir='ltr' id='par_1_26' title="bbox 466 2654 1999 2729">
     <span class='ocr_line' id='line_1_27' title="bbox 466 2654 1999 2729; baseline 0.003 -18"><span class='ocrx_word' id='word_1_171' title='bbox 466 2654 531 2710; x_wconf 90' lang='lat' dir='ltr'>fit</span> <span class='ocrx_word' id='word_1_172' title='bbox 558 2671 796 2729; x_wconf 90' lang='lat' dir='ltr'>quoque</span> <span class='ocrx_word' id='word_1_173' title='bbox 827 2664 889 2713; x_wconf 92' lang='lat' dir='ltr'>ut</span> <span class='ocrx_word' id='word_1_174' title='bbox 917 2654 1210 2712; x_wconf 92' lang='lat' dir='ltr'>interdum</span> <span class='ocrx_word' id='word_1_175' title='bbox 1240 2655 1456 2715; x_wconf 90' lang='lat' dir='ltr'>similes</span> <span class='ocrx_word' id='word_1_176' title='bbox 1483 2655 1728 2713; x_wconf 84' lang='lat' dir='ltr'>existere</span> <span class='ocrx_word' id='word_1_177' title='bbox 1757 2674 1999 2715; x_wconf 87' lang='lat' dir='ltr'>avorum</span> 
     </span>
    </p>

    <p class='ocr_par' dir='ltr' id='par_1_27' title="bbox 465 2745 1882 2823">
     <span class='ocr_line' id='line_1_28' title="bbox 465 2745 1882 2823; baseline 0.003 -22"><span class='ocrx_word' id='word_1_178' title='bbox 465 2745 690 2819; x_wconf 90' lang='lat' dir='ltr'>possint</span> <span class='ocrx_word' id='word_1_179' title='bbox 719 2755 777 2803; x_wconf 89' lang='lat' dir='ltr'>et</span> <span class='ocrx_word' id='word_1_180' title='bbox 804 2746 1053 2804; x_wconf 91' lang='lat' dir='ltr'>referant</span> <span class='ocrx_word' id='word_1_181' title='bbox 1080 2764 1433 2821; x_wconf 88' lang='lat' dir='ltr'>proavorum</span> <span class='ocrx_word' id='word_1_182' title='bbox 1463 2764 1641 2822; x_wconf 86' lang='lat' dir='ltr'>saepe</span> <span class='ocrx_word' id='word_1_183' title='bbox 1671 2746 1882 2823; x_wconf 86' lang='lat' dir='ltr'>figuras</span> 
     </span>
    </p>

    <p class='ocr_par' dir='ltr' id='par_1_28' title="bbox 465 2836 2291 2912">
     <span class='ocr_line' id='line_1_29' title="bbox 465 2836 2291 2912; baseline 0.002 -20"><span class='ocrx_word' id='word_1_184' title='bbox 465 2845 776 2910; x_wconf 89' lang='lat' dir='ltr'>propterea</span> <span class='ocrx_word' id='word_1_185' title='bbox 802 2837 939 2910; x_wconf 89' lang='lat' dir='ltr'>quia</span> <span class='ocrx_word' id='word_1_186' title='bbox 967 2836 1149 2894; x_wconf 87' lang='lat' dir='ltr'>multa</span> <span class='ocrx_word' id='word_1_187' title='bbox 1179 2836 1371 2895; x_wconf 89' lang='lat' dir='ltr'>modis</span> <span class='ocrx_word' id='word_1_188' title='bbox 1401 2836 1719 2912; x_wconf 89' lang='lat' dir='ltr'>primordia</span> <span class='ocrx_word' id='word_1_189' title='bbox 1748 2838 1940 2895; x_wconf 90' lang='lat' dir='ltr'>multis</span> <span class='ocrx_word' id='word_1_190' title='bbox 2161 2856 2291 2895; x_wconf 84' lang='lat'><em>1220</em></span> 
     </span>
    </p>

    <p class='ocr_par' dir='ltr' id='par_1_29' title="bbox 469 2920 2034 3002">
     <span class='ocr_line' id='line_1_30' title="bbox 469 2920 2034 3002; baseline 0.003 -20"><span class='ocrx_word' id='word_1_191' title='bbox 469 2926 649 2983; x_wconf 88' lang='lat' dir='ltr'>mixta</span> <span class='ocrx_word' id='word_1_192' title='bbox 676 2920 785 2983; x_wconf 87' lang='lat' dir='ltr'>suo</span> <span class='ocrx_word' id='word_1_193' title='bbox 811 2926 1003 2983; x_wconf 89' lang='lat' dir='ltr'>celant</span> <span class='ocrx_word' id='word_1_194' title='bbox 1030 2927 1088 2984; x_wconf 89' lang='lat' dir='ltr'>in</span> <span class='ocrx_word' id='word_1_195' title='bbox 1120 2945 1368 3001; x_wconf 91' lang='lat' dir='ltr'>corpore</span> <span class='ocrx_word' id='word_1_196' title='bbox 1401 2945 1577 3002; x_wconf 89' lang='lat' dir='ltr'>saepe</span> <span class='ocrx_word' id='word_1_197' title='bbox 1606 2928 1881 3002; x_wconf 84' lang='lat' dir='ltr'>parentiS‚</span> <span class='ocrx_word' id='word_1_198' title='bbox 2027 2986 2034 2989; x_wconf 85' lang='grc'><strong>,</strong></span> 
     </span>
    </p>

    <p class='ocr_par' dir='ltr' id='par_1_30' title="bbox 467 3017 2035 3094">
     <span class='ocr_line' id='line_1_31' title="bbox 467 3017 2035 3094; baseline 0.003 -21"><span class='ocrx_word' id='word_1_199' title='bbox 467 3034 617 3091; x_wconf 89' lang='lat' dir='ltr'>quae</span> <span class='ocrx_word' id='word_1_200' title='bbox 646 3017 904 3091; x_wconf 90' lang='lat' dir='ltr'>patribus</span> <span class='ocrx_word' id='word_1_201' title='bbox 939 3027 1130 3092; x_wconf 89' lang='lat' dir='ltr'>patres</span> <span class='ocrx_word' id='word_1_202' title='bbox 1158 3018 1393 3075; x_wconf 88' lang='lat' dir='ltr'>tradunt</span> <span class='ocrx_word' id='word_1_203' title='bbox 1422 3019 1496 3076; x_wconf 88' lang='lat' dir='ltr'>ab</span> <span class='ocrx_word' id='word_1_204' title='bbox 1525 3019 1702 3093; x_wconf 91' lang='lat' dir='ltr'>stirpe</span> <span class='ocrx_word' id='word_1_205' title='bbox 1731 3020 2035 3094; x_wconf 89' lang='lat' dir='ltr'>profecta;</span> 
     </span>
    </p>

    <p class='ocr_par' dir='ltr' id='par_1_31' title="bbox 471 3106 1750 3183">
     <span class='ocr_line' id='line_1_32' title="bbox 471 3106 1750 3183; baseline 0.003 -19"><span class='ocrx_word' id='word_1_206' title='bbox 471 3106 609 3164; x_wconf 91' lang='lat' dir='ltr'>inde</span> <span class='ocrx_word' id='word_1_207' title='bbox 637 3108 838 3165; x_wconf 87' lang='lat' dir='ltr'>Venus</span> <span class='ocrx_word' id='word_1_208' title='bbox 862 3108 1023 3165; x_wconf 64' lang='lat' dir='ltr'>varia</span> <span class='ocrx_word' id='word_1_209' title='bbox 1051 3108 1325 3182; x_wconf 89' lang='lat' dir='ltr'>producit</span> <span class='ocrx_word' id='word_1_210' title='bbox 1354 3117 1508 3165; x_wconf 88' lang='lat' dir='ltr'>sorte</span> <span class='ocrx_word' id='word_1_211' title='bbox 1535 3108 1750 3183; x_wconf 83' lang='lat' dir='ltr'>figuras</span> 
     </span>
    </p>

    <p class='ocr_par' dir='ltr' id='par_1_32' title="bbox 468 3198 1976 3274">
     <span class='ocr_line' id='line_1_33' title="bbox 468 3198 1976 3274; baseline 0.001 -19"><span class='ocrx_word' id='word_1_212' title='bbox 468 3198 869 3273; x_wconf 89' lang='lat' dir='ltr'>maiorumque</span> <span class='ocrx_word' id='word_1_213' title='bbox 898 3199 1071 3256; x_wconf 91' lang='lat' dir='ltr'>refert</span> <span class='ocrx_word' id='word_1_214' title='bbox 1098 3199 1286 3257; x_wconf 89' lang='lat' dir='ltr'>voltus</span> <span class='ocrx_word' id='word_1_215' title='bbox 1314 3217 1612 3273; x_wconf 90' lang='lat' dir='ltr'>vocesque</span> <span class='ocrx_word' id='word_1_216' title='bbox 1641 3216 1976 3274; x_wconf 88' lang='lat' dir='ltr'>comasque.</span> 
     </span>
    </p>

    <p class='ocr_par' dir='ltr' id='par_1_33' title="bbox 468 3288 2284 3364">
     <span class='ocr_line' id='line_1_34' title="bbox 468 3288 2284 3364; baseline 0.001 -19"><span class='ocrx_word' id='word_1_217' title='bbox 468 3298 526 3346; x_wconf 90' lang='lat' dir='ltr'>et</span> <span class='ocrx_word' id='word_1_218' title='bbox 554 3288 835 3347; x_wconf 88' lang='lat' dir='ltr'>muliebre</span> <span class='ocrx_word' id='word_1_219' title='bbox 866 3290 1043 3348; x_wconf 89' lang='lat' dir='ltr'>oritur</span> <span class='ocrx_word' id='word_1_220' title='bbox 1072 3290 1260 3364; x_wconf 87' lang='lat' dir='ltr'>patrio</span> <span class='ocrx_word' id='word_1_221' title='bbox 1291 3289 1366 3346; x_wconf 90' lang='lat' dir='ltr'>de</span> <span class='ocrx_word' id='word_1_222' title='bbox 1398 3290 1623 3348; x_wconf 88' lang='lat' dir='ltr'>semine</span> <span class='ocrx_word' id='word_1_223' title='bbox 1653 3290 1908 3348; x_wconf 89' lang='lat' dir='ltr'>saeclum</span> <span class='ocrx_word' id='word_1_224' title='bbox 2097 3312 2108 3322; x_wconf 93' lang='lat'><strong>·</strong></span> <span class='ocrx_word' id='word_1_225' title='bbox 2159 3308 2284 3357; x_wconf 79' lang='lat'>1227</span> 
     </span>
    </p>

    <p class='ocr_par' dir='ltr' id='par_1_34' title="bbox 465 3379 2016 3455">
     <span class='ocr_line' id='line_1_35' title="bbox 465 3379 2016 3455; baseline 0.001 -19"><span class='ocrx_word' id='word_1_226' title='bbox 465 3379 614 3436; x_wconf 91' lang='lat' dir='ltr'>fiunt</span> <span class='ocrx_word' id='word_1_227' title='bbox 642 3396 819 3453; x_wconf 88' lang='lat' dir='ltr'>quam</span> <span class='ocrx_word' id='word_1_228' title='bbox 847 3379 1023 3437; x_wconf 88' lang='lat' dir='ltr'>facies</span> <span class='ocrx_word' id='word_1_229' title='bbox 1053 3389 1112 3437; x_wconf 91' lang='lat' dir='ltr'>et</span> <span class='ocrx_word' id='word_1_230' title='bbox 1140 3398 1388 3454; x_wconf 89' lang='lat' dir='ltr'>corpora</span> <span class='ocrx_word' id='word_1_231' title='bbox 1418 3381 1799 3455; x_wconf 87' lang='lat' dir='ltr'>membraque</span> <span class='ocrx_word' id='word_1_232' title='bbox 1825 3380 2016 3451; x_wconf 77' lang='lat' dir='ltr'>nobiS,</span> 
     </span>
    </p>

    <p class='ocr_par' dir='ltr' id='par_1_35' title="bbox 466 3470 1836 3545">
     <span class='ocr_line' id='line_1_36' title="bbox 466 3470 1836 3545; baseline 0.001 -19"><span class='ocrx_word' id='word_1_233' title='bbox 466 3479 850 3544; x_wconf 87' lang='lat' dir='ltr'>maternoque</span> <span class='ocrx_word' id='word_1_234' title='bbox 881 3488 1066 3527; x_wconf 87' lang='lat' dir='ltr'>mares</span> <span class='ocrx_word' id='word_1_235' title='bbox 1096 3470 1349 3527; x_wconf 86' lang='lat' dir='ltr'>existunt</span> <span class='ocrx_word' id='word_1_236' title='bbox 1377 3488 1626 3545; x_wconf 89' lang='lat' dir='ltr'>corpore</span> <span class='ocrx_word' id='word_1_237' title='bbox 1655 3470 1836 3543; x_wconf 86' lang='lat' dir='ltr'>creti;</span> 
     </span>
    </p>

    <p class='ocr_par' dir='ltr' id='par_1_36' title="bbox 468 3559 2288 3637">
     <span class='ocr_line' id='line_1_37' title="bbox 468 3559 2288 3637; baseline -0.001 -19"><span class='ocrx_word' id='word_1_238' title='bbox 468 3559 952 3637; x_wconf 89' lang='lat' dir='ltr'>quandoquidem</span> <span class='ocrx_word' id='word_1_239' title='bbox 981 3561 1099 3618; x_wconf 90' lang='lat' dir='ltr'>nilo</span> <span class='ocrx_word' id='word_1_240' title='bbox 1129 3560 1311 3636; x_wconf 87' lang='lat' dir='ltr'>magis</span> <span class='ocrx_word' id='word_1_241' title='bbox 1341 3561 1488 3619; x_wconf 90' lang='lat' dir='ltr'>haec</span> <span class='ocrx_word' id='word_1_242' title='bbox 1519 3560 1596 3619; x_wconf 95' lang='lat' dir='ltr'>de</span> <span class='ocrx_word' id='word_1_243' title='bbox 1625 3561 1849 3619; x_wconf 89' lang='lat' dir='ltr'>semine</span> <span class='ocrx_word' id='word_1_244' title='bbox 1879 3569 2041 3618; x_wconf 90' lang='lat' dir='ltr'>certo</span> <span class='ocrx_word' id='word_1_245' title='bbox 2159 3579 2288 3633; x_wconf 84' lang='lat'>1225</span> 
     </span>
    </p>
   </div>
   <div class='ocr_carea' id='block_1_4' title="bbox 2730 1598 2740 2592">
    <p class='ocr_par' dir='ltr' id='par_1_37' title="bbox 2730 1598 2740 2592">
     <span class='ocr_line' id='line_1_38' title="bbox 2730 1598 2740 2592; baseline 0 0"><span class='ocrx_word' id='word_1_246' title='bbox 2730 1598 2740 2592; x_wconf 95' lang='lat' dir='ltr'> </span> 
     </span>
    </p>
   </div>
  </div>
 </body>
</html>
