2784 3992
455 317 474 361 1
496 316 574 363 10
1118 315 1579 371 LucRETms
2116 318 2247 391 [ιν.

443 474 542 549 qui
571 473 742 532 simul
769 481 945 548 atque
974 475 1095 533 vias
1125 476 1429 533 oculorum
1458 477 1589 535 luce
1617 478 1861 554 replevit

441 575 616 639 atque
645 565 921 639 patefecit
950 584 1092 639 quas
1121 577 1256 623 ante
1285 566 1595 625 obsederat
1622 572 1721 628 aer

441 665 582 728 ater,
611 656 893 713 continuo
923 673 1115 714 rerum
1144 657 1451 715 simulacra
1478 668 1753 716 secuntur

440 763 590 819 quae
621 746 730 803 sita
756 756 890 804 sunt
918 746 976 803 in
1005 746 1153 817 luce,
1184 747 1591 823 lacessuntque
1622 758 1686 807 ut
1711 748 2033 812 videamus,

440 836 602 911 quod
631 848 833 895 contra
860 838 1050 895 facere
1080 838 1138 894 in
1169 838 1423 896 tenebris
1452 856 1485 895 e
1516 839 1646 896 luce
1675 841 1984 915 nequimus

438 937 750 1002 propterea
777 929 914 1001 quia
941 928 1226 1003 posterior
1255 927 1513 1002 caliginis
1542 933 1639 988 aer

438 1018 682 1075 crassior
710 1019 1031 1093 insequitur
1058 1020 1157 1093 qui
1186 1028 1401 1076 cuncta
1429 1018 1715 1077 foramina
1742 1023 2003 1097 complet

438 1107 768 1183 obsiditque
798 1110 918 1166 vias
947 1110 1269 1180 oculorum,
1300 1127 1376 1166 ne
1407 1110 1713 1167 simulacra

193 1232 233 1261 υ
267 1210 274 1246 ἲ
331 1174 355 1206 ’
436 1200 659 1273 possint
689 1200 929 1257 ullarum
958 1218 1150 1257 rerum
1180 1201 1451 1257 coniecta
1479 1218 1733 1259 movere.

25 1297 42 1341 ἰ
181 1356 210 1369 ν
263 1274 318 1314 “³
320 1280 426 1457 ξ
437 1289 861 1364 quadratasque
891 1292 1097 1364 procul
1124 1292 1289 1348 turris
1320 1309 1457 1347 cum
1484 1292 1774 1350 cernimus
1801 1292 1977 1365 urbiS,

74 1370 80 1375 ’
125 1368 138 1392 ³
165 1366 182 1463 ’¹
255 1430 280 1445 „
434 1389 746 1454 propterea
772 1380 836 1437 fit
865 1381 948 1436 uti
974 1380 1280 1437 videantur
1307 1399 1483 1456 saepe
1513 1382 1819 1455 tutandae,

84 1520 92 1541 ,
273 1459 312 1525 h
396 1463 676 1559 gangulus
705 1480 953 1545 optusus
985 1472 1124 1545 quia
1149 1472 1322 1545 longe
1353 1472 1609 1529 cernitur
1636 1474 1829 1531 omnis

159 1563 212 1615 Α
277 1560 388 1658 13}st
434 1552 551 1617 sive
582 1561 758 1617 etiam
787 1562 983 1635 potius
1013 1580 1134 1618 non
1165 1562 1420 1619 cernitur
1447 1581 1516 1619 ac
1545 1563 1695 1637 perit
1724 1564 1849 1621 eius

59 1638 64 1657 '
125 1664 134 1694 1
285 1713 292 1729 ι
359 1676 366 1683 ·
371 1647 605 1725 plaga
630 1669 743 1708 nec
771 1651 848 1709 ad
879 1661 1102 1709 nostras
1131 1652 1288 1709 acies
1317 1652 1631 1726 perlabitur
1658 1653 1827 1724 ictus,

283 1730 289 1738 ’
325 1738 332 1747 ’
430 1744 565 1798 aera
593 1760 698 1816 per
727 1742 971 1798 multum
1002 1742 1140 1816 quia
1167 1741 1308 1799 dum
1339 1743 1645 1800 simulacra
1672 1744 1951 1816 feruntur,

375 1902 382 1909 ·
409 1832 588 1906 *cogit
618 1831 936 1889 hebescere
966 1850 1100 1889 eum
1132 1834 1346 1891 crebris
1375 1834 1691 1892 offensibus
1720 1838 1833 1894 aer.

429 1920 544 1979 hoc
574 1921 673 1978 ubi
701 1921 933 1996 suffugit
961 1941 1194 1980 sensum
1225 1924 1395 1993 simul
1423 1924 1665 1999 angulus
1694 1924 1905 1995 omnis,

129 2000 225 2065 „v”
262 2072 273 2088 Δ
305 2054 316 2081 ,.
429 2012 493 2068 fit
520 2012 685 2085 quasi
713 2022 777 2070 ut
805 2012 881 2069 ad
912 2022 1144 2071 tornum
1173 2030 1445 2071 saxorum
1475 2025 1691 2072 structa
1717 2023 2015 2087 terantur3

259 2100 266 2109 '
427 2120 549 2159 non
577 2111 775 2159 tamen
805 2112 868 2160 ut
897 2121 1096 2160 coram
1126 2121 1276 2178 quae
1305 2115 1440 2162 sunt
1466 2122 1727 2179 vereque
1756 2104 2033 2179 rutunda‚·

427 2191 534 2249 sed
563 2193 726 2267 quasi
753 2192 1146 2251 adumbratim
1175 2195 1411 2269 paulum
1442 2195 1707 2251 simulata
1733 2193 2028 2253 videntur.

425 2283 631 2340 umbra
655 2282 886 2340 videtur
914 2284 1053 2341 item
1083 2285 1254 2343 nobis
1283 2286 1342 2342 in
1370 2285 1492 2341 sole
1525 2284 1745 2342 moveri

425 2383 484 2430 et
509 2373 751 2448 vestigia
778 2384 978 2432 nostra
1005 2375 1169 2448 sequi
1197 2384 1542 2449 gestumque
1572 2374 1781 2432 imitari
1800 2395 1821 2448 3

423 2465 559 2521 acra
587 2456 634 2521 si
663 2464 854 2521 credis
885 2465 1169 2539 privatum
1198 2464 1415 2522 lumine
1445 2483 1620 2540 posse

422 2552 752 2627 indugredi,
785 2564 978 2611 motus
1008 2553 1311 2611 hominum
1339 2565 1687 2631 gestumque
1717 2565 2065 2632 sequentem
2086 2578 2105 2632 3

421 2661 558 2700 nam
587 2644 668 2701 nil
695 2662 824 2701 esse
853 2654 1048 2718 potest
1077 2644 1214 2713 aliut
1242 2646 1350 2702 nisi
1378 2645 1594 2705 lumine
1624 2665 1822 2705 cassus

420 2734 520 2789 aer
547 2733 609 2790 id
639 2733 802 2808 quod
831 2752 940 2792 nos
970 2728 1234 2792 umbram
1263 2736 1568 2810 perhibere
1598 2741 1853 2796 suemus,

421 2826 692 2883 nimirum
723 2826 859 2901 quia
888 2837 1037 2884 terra
1066 2827 1212 2887 locis
1240 2848 1313 2887 ex
1342 2829 1548 2887 ordine
1578 2830 1750 2888 certis

419 2916 637 2973 lumine
667 2918 922 2991 privatur
948 2918 1086 2975 solis
1115 2937 1487 2994 quacumque
1518 2915 1798 2997 meantes,

420 3006 726 3079 officimus,
757 3007 1010 3081 repletur
1039 3009 1183 3066 item
1209 3009 1372 3084 quod
1402 3009 1674 3083 liquimus
1704 3010 1846 3081 eiuS‚

419 3106 729 3170 propterea
759 3097 822 3153 fit
852 3098 933 3154 uti
964 3098 1246 3172 videatur,
1277 3118 1430 3173 quae
1460 3100 1566 3157 fuit
1594 3101 1802 3157 umbra

419 3187 697 3261 corporiS,
728 3204 760 3243 e
791 3188 1032 3261 regione
1062 3190 1269 3247 eadem
1299 3208 1407 3247 nos
1435 3208 1621 3263 usque
1651 3198 1870 3248 secuta.

418 3294 652 3350 semper
679 3277 836 3333 enim
865 3296 1021 3338 nova
1049 3298 1110 3338 se
1136 3279 1431 3337 radiorum
1460 3280 1679 3337 lumina
1706 3278 1960 3339 fundunt

415 3367 721 3443 primaque
750 3367 1106 3446 dispereunt,
1135 3370 1303 3445 quasi
1331 3370 1387 3427 in
1420 3370 1617 3445 ignem
1646 3369 1779 3427 lana
1806 3371 2076 3433 trahatur.

417 3468 730 3534 propterea
757 3461 926 3518 facile
953 3468 1013 3516 et
1039 3459 1317 3532 spoliatur
1341 3460 1559 3516 lumine
1588 3469 1739 3517 terra

419 3558 478 3609 et
504 3551 762 3629 repletur
787 3550 927 3607 item
954 3548 1262 3624 nigrasque
1291 3550 1400 3609 sibi
1423 3550 1604 3608 abluit
1630 3551 1883 3613 umbras.

2151 590 2247 644 345

2150 1042 2249 1095 350

2149 1492 2244 1547 355

2146 1932 2249 1998 360

2144 2384 2241 2451 365

2139 2849 2240 2903 370

2139 3301 2233 3354 375
