2784 3992
534 315 645 387 IL]
1010 318 1119 370 DE
1171 318 1466 371 RERUM
1523 318 1866 371 NATURA
2261 317 2342 385 59

444 486 450 489 ’
530 485 760 550 cetera3
803 495 956 552 quae
985 495 1121 534 cum
1150 476 1231 535 ita
1256 487 1392 535 sunt
1419 486 1617 535 tamen
1647 487 1710 535 ut
1740 478 2002 536 mortalia
2028 487 2320 552 constent,

530 568 687 625 molli
713 568 888 639 lenta,
919 568 1145 643 fragosa
1171 569 1340 642 putri,
1373 587 1517 625 cava
1545 587 1791 643 corpore
1821 587 1970 641 raro,
2243 578 2340 628 860

530 658 728 717 omnia
754 658 869 716 sint
896 678 933 715 a
959 659 1257 733 principiis
1286 660 1553 716 seiuncta
1580 669 1899 732 necessest,

531 749 856 807 inmortalia
883 750 931 806 si
958 749 1225 806 volumus
1254 750 1806 824 subiungere'rebus

530 838 909 897 fundamenta
935 840 1145 913 quibus
1175 840 1387 897 nitatur
1416 858 1648 897 summa
1675 841 1871 899 salutis
1892 862 1910 914 3

528 948 604 988 ne
632 930 736 988 tibi
763 948 855 988 res
883 930 1123 987 redeant
1153 929 1231 987 ad
1258 931 1444 988 nilum
1473 929 1731 989 funditus
1759 950 1984 990 omnes,

610 1021 789 1078 Nunc
820 1039 891 1078 ea
918 1039 1069 1095 quae
1098 1022 1310 1078 sentire
1332 1020 1604 1080 videmus
1631 1040 1888 1101 cumque
1917 1033 2217 1083 necessest
2243 1031 2338 1096 865

531 1128 604 1168 ex
629 1112 995 1169 insensilibus
1024 1120 1223 1169 tamen
1252 1112 1454 1171 omnia
1482 1113 1797 1171 confiteare

530 1202 825 1277 principiis
854 1212 1139 1260 constare.
1183 1221 1377 1278 neque
1407 1204 1469 1261 id
1499 1204 1825 1261 manufesta
1851 1205 2103 1263 refutant

530 1310 641 1349 nec
669 1302 875 1350 contra
902 1303 1182 1369 pugnant,
1214 1294 1273 1352 in
1303 1304 1582 1369 promptu
1612 1296 1848 1370 cognita
1874 1313 2025 1369 quae
2054 1304 2206 1369 sunt,

530 1382 637 1441 sed
666 1384 847 1459 magis
877 1385 1005 1459 ipsa
1032 1403 1211 1443 manu
1240 1384 1469 1443 ducunt
1497 1394 1556 1442 et
1584 1384 1823 1443 credere
1854 1395 2075 1461 cogunt

531 1492 605 1531 ex
624 1474 1007 1547 insensilibus,
1038 1474 1202 1549 quod
1231 1475 1388 1547 dice,
1419 1476 1690 1533 animalia
1716 1476 1890 1551 gigni.
2243 1484 2343 1545 870

530 1565 749 1640 quippe
777 1565 975 1624 videre
1004 1566 1143 1624 licet
1167 1566 1329 1623 vivos
1359 1566 1604 1624 existere
1633 1584 1861 1625 vermes

530 1665 782 1715 stercore
813 1656 890 1714 de
919 1666 1121 1726 taetre,
1152 1666 1424 1731 putorem
1456 1676 1590 1713 cum
1623 1657 1730 1715 sibi
1759 1667 1932 1715 nacta
1960 1666 2048 1717 est

530 1747 951 1823 intempestivis
978 1766 1053 1805 ex
1081 1748 1361 1806 imbribus
1391 1746 1593 1805 umida
1621 1748 1789 1807 tellus
1809 1768 1828 1821 ;

530 1848 830 1913 praeterea
856 1848 1097 1896 cunctas
1125 1837 1329 1896 itidem
1356 1856 1449 1896 res
1477 1847 1700 1896 vertere
1730 1856 1879 1896 sese.

529 1939 758 1988 vertunt
785 1947 848 1987 se
876 1930 1032 1987 fluvii
1061 1928 1296 1987 frondes
1327 1938 1386 1987 et
1414 1929 1627 2004 pabula
1654 1929 1806 1987 laeta
2247 1938 2341 2001 875

530 2022 591 2079 in
619 2020 902 2097 pecudes,
930 2030 1163 2078 vertunt
1188 2019 1453 2095 pecudes
1482 2021 1542 2077 in
1572 2038 1818 2095 corpora
1846 2030 2044 2078 nostra

530 2122 811 2183 naturam,
843 2120 903 2170 et
928 2121 1130 2169 nostro
1159 2109 1236 2169 de
1265 2129 1514 2190 corpore
1546 2129 1723 2185 saepe
1753 2111 2001 2169 ferarum

532 2212 853 2279 augescunt
876 2203 1027 2260 vires
1056 2211 1115 2260 et
1143 2220 1394 2276 corpora
1420 2202 1931 2276 pennipotentum.

531 2312 669 2369 ergo
698 2312 905 2351 omnes
932 2302 1139 2351 natura
1166 2292 1333 2351 cibos
1361 2292 1424 2349 in
1452 2310 1700 2366 corpora
1726 2293 1855 2350 viva

528 2385 696 2442 vertit
723 2394 782 2441 et
811 2383 948 2441 hinc
976 2402 1181 2442 sensus
1208 2383 1574 2440 animantum
1601 2392 1871 2457 procreat
1899 2401 2125 2455 omneS,
2249 2391 2347 2441 880

530 2493 651 2533 non
678 2475 791 2532 alia
816 2474 991 2549 longe
1018 2475 1243 2532 ratione
1272 2473 1469 2549 adque
1498 2472 1660 2531 arida
1687 2473 1841 2549 ligna

531 2566 784 2641 explicat
809 2565 870 2623 in
898 2566 1164 2623 flammas
1193 2573 1254 2623 et
1280 2564 1341 2622 in
1369 2564 1518 2640 ignis
1547 2564 1751 2621 omnia
1775 2572 1982 2622 versat.

531 2656 723 2713 iamne
752 2654 915 2714 vides
943 2656 1115 2731 igitur
1140 2655 1337 2731 magni
1363 2654 1685 2730 primordia
1711 2673 1903 2713 rerum

529 2747 739 2804 referre
768 2746 829 2804 in
859 2746 1016 2821 quali
1042 2746 1159 2804 sint
1185 2745 1391 2803 ordine
1421 2764 1694 2821 quaeque
1722 2746 1914 2803 locata

532 2846 591 2895 et
615 2836 937 2895 commixta
962 2837 1174 2911 quibus
1202 2835 1347 2895 dent
1374 2846 1570 2894 motus
1598 2836 2009 2911 accipiantque
2025 2836 2053 2893 Ρ
2248 2844 2344 2907 885

607 2929 761 2985 Tum
790 2945 968 3003 porro
996 2926 1141 3001 quid
1168 2926 1231 2984 id
1259 2937 1366 2999 est,
1389 2928 1650 2984 animum
1669 2926 1834 3001 quod
1861 2926 2131 3001 percutit,
2155 2926 2346 3000 ipsum

531 3017 694 3093 quod
720 3027 923 3076 movet
950 3027 1012 3075 et
1036 3018 1227 3075 varios
1255 3037 1462 3075 sensus
1491 3036 1839 3092 expromere
1869 3017 2047 3091 cogit,

532 3127 605 3166 ex
630 3108 999 3168 insensilibus
1024 3127 1103 3166 ne
1133 3108 1339 3166 credas
1370 3109 1581 3166 sensile
1610 3109 1810 3183 gigni?

530 3199 801 3257 nimirum
830 3198 1057 3274 lapides
1084 3209 1142 3257 et
1172 3200 1327 3274 ligna
1354 3209 1415 3259 et
1442 3210 1593 3257 terra
1620 3198 1785 3274 quod
1811 3217 1929 3257 una

532 3290 711 3347 mixta
734 3299 937 3348 tamen
960 3300 1267 3364 nequeunt
1292 3291 1526 3348 vitalem
1553 3289 1803 3347 reddere
1833 3308 2086 3347 sensum.
2247 3296 2343 3359 890

532 3380 670 3438 illud
698 3380 761 3439 in
786 3380 877 3439 his
902 3380 1075 3456 igitur
1098 3382 1272 3439 rebus
1298 3382 1636 3439 meminisse
1668 3380 1921 3451 decebit,

530 3488 653 3529 non
680 3490 755 3529 ex
781 3471 1054 3530 omnibus
1080 3472 1344 3543 omnino,
1373 3490 1786 3547 quaecumque
1819 3480 2020 3528 creant
2045 3487 2155 3542 reS,

534 3562 739 3620 sensile
767 3571 829 3619 et
856 3562 1153 3637 extemplo
1181 3582 1274 3619 me
1304 3562 1466 3637 gigni
1493 3562 1689 3620 dicere
1719 3580 1940 3631 sensuS,
