2784 3992
537 336 660 398 124
1199 329 1663 385 LUCRETms
2203 326 2342 399 [iv.

528 514 861 555 sermonem
889 493 1192 569 multoque
1223 502 1452 551 creatae
1482 502 1616 551 sunt
1643 491 1801 568 prius
1829 510 1998 551 aures

530 606 707 661 quam
736 604 913 645 sonus
943 595 1031 644 est
1058 584 1308 655 auditus,
1339 594 1399 641 et
1427 584 1627 641 omnia
1655 583 1911 658 denique
1942 584 2209 644 membra
2245 592 2349 655 840

528 687 665 735 ante
694 678 872 749 fuere,
902 686 966 734 ut
993 677 1221 751 opinor,
1254 694 1458 733 eorum
1488 693 1667 750 quam
1696 675 1844 733 foret
1872 693 2010 733 usus
2037 696 2053 749 3

529 767 688 826 haud
716 768 886 843 igitur
914 777 1157 842 potuere
1188 765 1390 823 utendi
1418 783 1683 823 crescere
1711 783 1904 824 causa.

530 869 589 916 at
617 868 823 917 contra
851 858 1113 915 conferre
1142 874 1321 914 manu
1344 848 1670 913 'certamina
1697 873 1930 931 pugnae

531 959 591 1007 et
617 950 867 1006 lacerare
898 957 1052 1005 artus
1083 946 1440 1022 foedareque
1469 946 1735 1004 membra
1762 963 1968 1003 cruore

530 1049 665 1097 ante
694 1040 799 1096 fuit
828 1038 1010 1100 multo
1039 1055 1216 1112 quarn
1245 1036 1442 1094 lucida
1469 1038 1583 1094 tela
1609 1036 1888 1108 volarent,
2254 1045 2350 1109 845

534 1140 593 1188 et
618 1130 824 1188 volnus
852 1128 1028 1186 vitare
1056 1128 1213 1203 prius
1242 1137 1449 1185 natura
1477 1128 1671 1203 coegit

534 1239 713 1296 quam
740 1220 906 1277 daret
932 1219 1231 1277 obiectum
1260 1218 1483 1294 parmai
1511 1219 1676 1276 laeva
1704 1236 1811 1293 per
1837 1227 2042 1278 artem.

534 1312 756 1370 scilicet
783 1320 842 1367 et
869 1310 1086 1367 fessum
1116 1326 1330 1384 corpus
1359 1308 1639 1365 mandare
1669 1309 1852 1383 quieti

535 1402 719 1459 multo
747 1400 1039 1474 antiquius
1068 1410 1155 1457 est
1184 1417 1363 1474 quam
1392 1399 1530 1457 lecti
1559 1399 1757 1457 mollia
1785 1408 1977 1471 strata,

536 1502 595 1550 et
622 1491 826 1549 sedare
856 1491 1010 1549 sitim
1039 1491 1197 1565 prius
1227 1500 1315 1548 est
1343 1508 1522 1565 quam
1551 1489 1767 1565 pocula
1793 1499 2014 1547 natum.
2254 1496 2356 1560 850

538 1584 685 1641 haec
712 1582 883 1658 igitur
908 1590 1153 1657 possunt
1181 1580 1385 1641 utendi
1415 1581 1652 1655 cognita
1680 1598 1857 1637 causa

536 1671 778 1744 credier,
810 1690 883 1729 ex
912 1690 1019 1729 usu
1048 1690 1201 1747 quae
1230 1680 1364 1729 sunt
1389 1671 1624 1745 vitaque
1651 1679 1898 1746 reperta.

536 1766 632 1823 illa
659 1764 900 1839 quidem
928 1783 1190 1823 seorsum
1220 1773 1355 1823 sunt
1383 1764 1583 1821 omnia
1610 1782 1760 1839 quae
1791 1764 1948 1839 prius
1977 1763 2104 1838 ipsa

537 1865 676 1914 nata
702 1854 920 1913 dedere
950 1873 1085 1913 suae
1115 1864 1251 1930 post
1277 1855 1550 1913 notitiam
1577 1854 1850 1913 utilitatis,

537 1965 660 2023 quo
687 1964 900 2022 genere
930 1945 989 2003 in
1019 1946 1217 2021 primis
1246 1964 1450 2005 sensus
1480 1954 1538 2004 et
1566 1946 1832 2004 membra
1858 1944 2126 2003 videmus
2148 1964 2166 2017 ;
2261 1950 2356 2015 855

539 2056 715 2113 quare
746 2037 921 2094 etiam
952 2046 1126 2111 atque
1157 2038 1332 2095 etiarn
1361 2035 1568 2111 procul
1596 2046 1684 2095 est
1711 2046 1775 2095 ut
1804 2035 2043 2094 credere
2073 2034 2266 2110 possis

540 2129 796 2186 utilitatis
825 2129 903 2186 ob
933 2128 1191 2185 officium
1222 2128 1484 2202 potuisse
1514 2125 1742 2205 creari.]

624 2216 804 2295 [Illud
832 2219 973 2275 item
1002 2236 1125 2275 non
1153 2227 1241 2275 est
1268 2217 1622 2289 mirandum,
1651 2218 1911 2292 corporis
1939 2218 2068 2293 ipsa

542 2308 705 2382 quod
735 2318 939 2366 natura
966 2308 1163 2366 cibum
1194 2308 1421 2382 quaerit
1449 2309 1732 2381 cuiusque
1761 2308 2088 2366 animantis,

542 2398 762 2473 quippe
792 2399 1011 2456 etenim
1042 2398 1219 2456 fluere
1249 2408 1426 2473 atque
1456 2396 1736 2456 'recedere
1766 2417 2016 2473 corpora
2043 2397 2221 2457 rebus
2263 2401 2360 2454 860

542 2488 725 2546 multa
751 2489 945 2547 modis
973 2489 1167 2547 multis
1196 2488 1393 2561 docui,
1425 2489 1533 2548 sed
1561 2489 1809 2564 plurima
1836 2488 2059 2547 debent

543 2597 618 2638 ex
644 2578 996 2639 animalibu'.
1040 2597 1192 2654 quae
1221 2581 1360 2655 quia
1387 2590 1523 2638 sunt
1552 2580 1806 2637 exercita
1833 2588 2015 2649 motu,

543 2673 839 2749 multaque
868 2692 975 2750 per
1002 2674 1278 2733 sudorem
1308 2693 1383 2733 ex
1413 2675 1530 2733 alto
1559 2692 1759 2750 pressa
1784 2674 2060 2744 feruntur,

544 2765 725 2822 multa
751 2783 859 2839 per
886 2783 953 2823 os
984 2765 1337 2835 exhalantur,
1367 2784 1507 2823 cum
1536 2764 1810 2840 languida
1837 2764 2132 2836 anhelant,

544 2856 633 2913 his
662 2855 831 2931 igitur
858 2856 1030 2914 rebus
1057 2857 1294 2915 rarescit
1323 2874 1536 2931 corpus
1566 2866 1624 2913 et
1652 2855 1842 2914 omnis
2264 2859 2356 2924 865

546 2946 834 3005 subruitur
862 2955 1066 3004 natura
1088 2968 1105 3019 ;
1148 2947 1318 3005 dolor
1344 2965 1522 3021 quam
1551 2945 1931 3020 consequitur
1956 2962 2101 3003 rem.

545 3046 856 3112 propterea
883 3038 1107 3112 capitur
1136 3038 1299 3096 cibus
1328 3047 1391 3095 ut
1421 3036 1709 3096 suffulciat
1735 3046 1892 3095 artus

548 3136 607 3185 et
635 3138 858 3185 recreet
885 3128 1033 3186 vires
1062 3127 1382 3186 interdatus
1413 3137 1588 3203 atque
1617 3137 1917 3203 patentem

549 3235 652 3292 per
679 3218 941 3276 membra
969 3237 1039 3275 ac
1066 3237 1246 3276 venas
1274 3228 1338 3276 ut
1364 3238 1627 3277 amorem
1657 3226 1892 3294 opturet
1919 3216 2157 3277 edendi.

548 3326 718 3365 umor
745 3308 886 3365 item
916 3308 1211 3367 discedit'
1197 3329 1257 3367 111
1288 3312 1488 3368 omnia
1515 3328 1664 3385 quae
1695 3310 1829 3368 loca
1855 3326 2111 3384 cumque
2259 3314 2351 3373 870

549 3407 802 3473 poscunt
830 3417 1136 3471 umorem3
1180 3384 1581 3509 glomeratque
1612 3401 1796 3458 multa
1821 3400 2052 3475 vaporis

521 3504 815 3587 corpora,
845 3506 995 3561 quae
1025 3490 1331 3547 stomacho
1358 3467 1642 3565 praebent
1670 3490 1945 3549 incendia
1970 3498 2190 3561 nostre,

521 3559 811 3652 'dissupat
839 3577 1159 3636 adveniens
1186 3578 1378 3653 liquor
1405 3599 1475 3637 ac
1502 3580 1802 3655 restinguit
1829 3590 1895 3637 ut
1920 3580 2136 3655 ignem,
