<?xml version="1.0" encoding="UTF-8"?>
<!DOCTYPE html PUBLIC "-//W3C//DTD XHTML 1.0 Transitional//EN"
    "http://www.w3.org/TR/xhtml1/DTD/xhtml1-transitional.dtd">
<html xmlns="http://www.w3.org/1999/xhtml" xml:lang="en" lang="en">
 <head>
  <title>
</title>
<meta http-equiv="Content-Type" content="text/html;charset=utf-8" />
  <meta name='ocr-system' content='tesseract 3.04.00' />
  <meta name='ocr-capabilities' content='ocr_page ocr_carea ocr_par ocr_line ocrx_word'/>
</head>
<body>
  <div class='ocr_page' id='page_1' title='image "./tlucreticarider06unkngoog_0081.png"; bbox 0 0 2784 3992; ppageno 0'>
   <div class='ocr_carea' id='block_1_1' title="bbox 499 289 2313 362">
    <p class='ocr_par' dir='ltr' id='par_1_1' title="bbox 499 289 2313 362">
     <span class='ocr_line' id='line_1_1' title="bbox 499 289 2313 362; baseline -0.001 -18"><span class='ocrx_word' id='word_1_1' title='bbox 499 289 576 362; x_wconf 91' lang='lat'><strong>1.]</strong></span> <span class='ocrx_word' id='word_1_2' title='bbox 984 292 1092 344; x_wconf 85' lang='lat' dir='ltr'><strong>DE</strong></span> <span class='ocrx_word' id='word_1_3' title='bbox 1144 292 1435 346; x_wconf 80' lang='lat' dir='ltr'><strong>RERUM</strong></span> <span class='ocrx_word' id='word_1_4' title='bbox 1490 294 1833 348; x_wconf 84' lang='lat' dir='ltr'>NATURA</span> <span class='ocrx_word' id='word_1_5' title='bbox 2236 297 2313 362; x_wconf 90' lang='lat'><strong>19</strong></span> 
     </span>
    </p>
   </div>
   <div class='ocr_carea' id='block_1_2' title="bbox 493 452 2321 3620">
    <p class='ocr_par' dir='ltr' id='par_1_2' title="bbox 493 452 2321 3620">
     <span class='ocr_line' id='line_1_2' title="bbox 495 452 2036 528; baseline 0.003 -18"><span class='ocrx_word' id='word_1_6' title='bbox 495 452 735 512; x_wconf 90' lang='lat' dir='ltr'><strong>credere</strong></span> <span class='ocrx_word' id='word_1_7' title='bbox 763 471 938 528; x_wconf 89' lang='lat' dir='ltr'><strong>posse</strong></span> <span class='ocrx_word' id='word_1_8' title='bbox 967 453 1245 526; x_wconf 88' lang='lat' dir='ltr'><strong>animum,</strong></span> <span class='ocrx_word' id='word_1_9' title='bbox 1276 455 1465 512; x_wconf 88' lang='lat' dir='ltr'><strong>victus</strong></span> <span class='ocrx_word' id='word_1_10' title='bbox 1493 456 1707 513; x_wconf 87' lang='lat' dir='ltr'><strong>fateare</strong></span> <span class='ocrx_word' id='word_1_11' title='bbox 1736 465 2036 516; x_wconf 86' lang='lat' dir='ltr'><strong>necessest</strong></span> 
     </span>
     <span class='ocr_line' id='line_1_3' title="bbox 495 538 2311 622; baseline 0.003 -20"><span class='ocrx_word' id='word_1_12' title='bbox 495 563 623 602; x_wconf 90' lang='lat' dir='ltr'><strong>esse</strong></span> <span class='ocrx_word' id='word_1_13' title='bbox 652 563 726 602; x_wconf 92' lang='lat' dir='ltr'><strong>ea</strong></span> <span class='ocrx_word' id='word_1_14' title='bbox 754 563 904 618; x_wconf 87' lang='lat' dir='ltr'><strong>quae</strong></span> <span class='ocrx_word' id='word_1_15' title='bbox 933 545 1100 602; x_wconf 89' lang='lat' dir='ltr'><strong>nullis</strong></span> <span class='ocrx_word' id='word_1_16' title='bbox 1129 546 1242 602; x_wconf 88' lang='lat' dir='ltr'><strong>iam</strong></span> <span class='ocrx_word' id='word_1_17' title='bbox 1270 545 1539 619; x_wconf 90' lang='lat' dir='ltr'><strong>praedita</strong></span> <span class='ocrx_word' id='word_1_18' title='bbox 1564 538 1821 622; x_wconf 71' lang='lat' dir='ltr'><strong>pa&#39;rtibus</strong></span> <span class='ocrx_word' id='word_1_19' title='bbox 1848 557 2048 606; x_wconf 88' lang='lat' dir='ltr'><strong>extent</strong></span> <span class='ocrx_word' id='word_1_20' title='bbox 2214 557 2279 607; x_wconf 89' lang='lat'><strong>62</strong></span> <span class='ocrx_word' id='word_1_21' title='bbox 2284 569 2311 622; x_wconf 85' lang='lat'><em>5</em></span> 
     </span>
     <span class='ocr_line' id='line_1_4' title="bbox 495 636 2057 712; baseline 0.004 -21"><span class='ocrx_word' id='word_1_22' title='bbox 495 645 554 692; x_wconf 92' lang='lat' dir='ltr'><strong>et</strong></span> <span class='ocrx_word' id='word_1_23' title='bbox 582 636 824 692; x_wconf 90' lang='lat' dir='ltr'><strong>minima</strong></span> <span class='ocrx_word' id='word_1_24' title='bbox 852 645 1122 692; x_wconf 90' lang='lat' dir='ltr'><strong>constent</strong></span> <span class='ocrx_word' id='word_1_25' title='bbox 1149 645 1367 693; x_wconf 87' lang='lat' dir='ltr'><strong>natura.</strong></span> <span class='ocrx_word' id='word_1_26' title='bbox 1412 655 1563 711; x_wconf 91' lang='lat' dir='ltr'><strong>quae</strong></span> <span class='ocrx_word' id='word_1_27' title='bbox 1594 639 1872 712; x_wconf 89' lang='lat' dir='ltr'><strong>quoniam</strong></span> <span class='ocrx_word' id='word_1_28' title='bbox 1903 649 2057 712; x_wconf 92' lang='lat' dir='ltr'><strong>sunt,</strong></span> 
     </span>
     <span class='ocr_line' id='line_1_5' title="bbox 495 725 2267 802; baseline 0.005 -20"><span class='ocrx_word' id='word_1_29' title='bbox 495 727 590 782; x_wconf 90' lang='lat' dir='ltr'><strong>illa</strong></span> <span class='ocrx_word' id='word_1_30' title='bbox 617 745 853 800; x_wconf 90' lang='lat' dir='ltr'><strong>quoque</strong></span> <span class='ocrx_word' id='word_1_31' title='bbox 884 745 1010 782; x_wconf 90' lang='lat' dir='ltr'><strong>esse</strong></span> <span class='ocrx_word' id='word_1_32' title='bbox 1040 726 1143 784; x_wconf 90' lang='lat' dir='ltr'><strong>tibi</strong></span> <span class='ocrx_word' id='word_1_33' title='bbox 1171 725 1358 783; x_wconf 87' lang='lat' dir='ltr'><strong>solida</strong></span> <span class='ocrx_word' id='word_1_34' title='bbox 1385 737 1560 802; x_wconf 90' lang='lat' dir='ltr'><strong>atque</strong></span> <span class='ocrx_word' id='word_1_35' title='bbox 1589 738 1825 787; x_wconf 90' lang='lat' dir='ltr'><strong>aeterna</strong></span> <span class='ocrx_word' id='word_1_36' title='bbox 1853 731 2175 790; x_wconf 89' lang='lat' dir='ltr'><strong>fatendum.</strong></span> <span class='ocrx_word' id='word_1_37' title='bbox 2261 787 2267 790; x_wconf 80' lang='grc'>.</span> 
     </span>
     <span class='ocr_line' id='line_1_6' title="bbox 496 815 1895 891; baseline 0.004 -18"><span class='ocrx_word' id='word_1_38' title='bbox 496 815 751 891; x_wconf 89' lang='lat' dir='ltr'><strong>denique</strong></span> <span class='ocrx_word' id='word_1_39' title='bbox 780 817 827 873; x_wconf 92' lang='lat' dir='ltr'><strong>si</strong></span> <span class='ocrx_word' id='word_1_40' title='bbox 857 817 1124 873; x_wconf 86' lang='lat' dir='ltr'><strong>minimas</strong></span> <span class='ocrx_word' id='word_1_41' title='bbox 1155 817 1212 873; x_wconf 92' lang='lat' dir='ltr'><strong>in</strong></span> <span class='ocrx_word' id='word_1_42' title='bbox 1243 817 1419 891; x_wconf 91' lang='lat' dir='ltr'><strong>partis</strong></span> <span class='ocrx_word' id='word_1_43' title='bbox 1449 829 1663 876; x_wconf 90' lang='lat' dir='ltr'><strong>cuncta</strong></span> <span class='ocrx_word' id='word_1_44' title='bbox 1691 821 1895 879; x_wconf 86' lang='lat' dir='ltr'><strong>resolvi</strong></span> 
     </span>
     <span class='ocr_line' id='line_1_7' title="bbox 495 913 1825 982; baseline 0.004 -17"><span class='ocrx_word' id='word_1_45' title='bbox 495 926 708 982; x_wconf 91' lang='lat' dir='ltr'><strong>cogere</strong></span> <span class='ocrx_word' id='word_1_46' title='bbox 737 918 1078 965; x_wconf 85' lang='lat' dir='ltr'><strong>consuesset</strong></span> <span class='ocrx_word' id='word_1_47' title='bbox 1105 926 1296 965; x_wconf 89' lang='lat' dir='ltr'><strong>rerum</strong></span> <span class='ocrx_word' id='word_1_48' title='bbox 1326 918 1533 967; x_wconf 89' lang='lat' dir='ltr'><strong>natura</strong></span> <span class='ocrx_word' id='word_1_49' title='bbox 1561 913 1825 982; x_wconf 85' lang='lat' dir='ltr'><strong>creatrix,</strong></span> 
     </span>
     <span class='ocr_line' id='line_1_8' title="bbox 495 997 2315 1074; baseline 0.004 -20"><span class='ocrx_word' id='word_1_50' title='bbox 495 999 610 1055; x_wconf 89' lang='lat' dir='ltr'><strong>iam</strong></span> <span class='ocrx_word' id='word_1_51' title='bbox 641 999 722 1055; x_wconf 90' lang='lat' dir='ltr'><strong>nil</strong></span> <span class='ocrx_word' id='word_1_52' title='bbox 749 1017 822 1055; x_wconf 89' lang='lat' dir='ltr'><strong>ex</strong></span> <span class='ocrx_word' id='word_1_53' title='bbox 851 998 957 1055; x_wconf 90' lang='lat' dir='ltr'><strong>illis</strong></span> <span class='ocrx_word' id='word_1_54' title='bbox 987 997 1196 1055; x_wconf 89' lang='lat' dir='ltr'><strong>eadem</strong></span> <span class='ocrx_word' id='word_1_55' title='bbox 1225 1017 1491 1074; x_wconf 89' lang='lat' dir='ltr'><strong>reparare</strong></span> <span class='ocrx_word' id='word_1_56' title='bbox 1523 1001 1737 1060; x_wconf 88' lang='lat' dir='ltr'><strong>valeret</strong></span> <span class='ocrx_word' id='word_1_57' title='bbox 2216 1011 2315 1074; x_wconf 89' lang='lat'><strong>630</strong></span> 
     </span>
     <span class='ocr_line' id='line_1_9' title="bbox 494 1089 2029 1166; baseline 0.003 -21"><span class='ocrx_word' id='word_1_58' title='bbox 494 1098 805 1165; x_wconf 87' lang='lat' dir='ltr'><strong>propterea</strong></span> <span class='ocrx_word' id='word_1_59' title='bbox 831 1089 986 1163; x_wconf 87' lang='lat' dir='ltr'><strong>quia,</strong></span> <span class='ocrx_word' id='word_1_60' title='bbox 1017 1107 1167 1162; x_wconf 91' lang='lat' dir='ltr'><strong>quae</strong></span> <span class='ocrx_word' id='word_1_61' title='bbox 1198 1089 1366 1147; x_wconf 89' lang='lat' dir='ltr'><strong>nullis</strong></span> <span class='ocrx_word' id='word_1_62' title='bbox 1388 1100 1523 1148; x_wconf 89' lang='lat' dir='ltr'><strong>sunt</strong></span> <span class='ocrx_word' id='word_1_63' title='bbox 1552 1093 1809 1166; x_wconf 80' lang='lat' dir='ltr'><strong>partibus</strong></span> <span class='ocrx_word' id='word_1_64' title='bbox 1837 1102 2029 1165; x_wconf 87' lang='lat' dir='ltr'><strong>aucta,</strong></span> 
     </span>
     <span class='ocr_line' id='line_1_10' title="bbox 495 1178 1913 1257; baseline 0.003 -20"><span class='ocrx_word' id='word_1_65' title='bbox 495 1198 618 1237; x_wconf 91' lang='lat' dir='ltr'><strong>non</strong></span> <span class='ocrx_word' id='word_1_66' title='bbox 646 1188 890 1254; x_wconf 89' lang='lat' dir='ltr'><strong>possunt</strong></span> <span class='ocrx_word' id='word_1_67' title='bbox 918 1198 990 1236; x_wconf 89' lang='lat' dir='ltr'><strong>ea</strong></span> <span class='ocrx_word' id='word_1_68' title='bbox 1017 1198 1168 1253; x_wconf 91' lang='lat' dir='ltr'><strong>quae</strong></span> <span class='ocrx_word' id='word_1_69' title='bbox 1199 1178 1389 1239; x_wconf 84' lang='lat' dir='ltr'><strong>debet.</strong></span> <span class='ocrx_word' id='word_1_70' title='bbox 1406 1181 1669 1257; x_wconf 88' lang='lat' dir='ltr'><strong>genitalis</strong></span> <span class='ocrx_word' id='word_1_71' title='bbox 1698 1182 1913 1241; x_wconf 89' lang='lat' dir='ltr'><strong>habere</strong></span> 
     </span>
     <span class='ocr_line' id='line_1_11' title="bbox 495 1270 1805 1347; baseline 0.002 -19"><span class='ocrx_word' id='word_1_72' title='bbox 495 1270 780 1341; x_wconf 89' lang='lat' dir='ltr'><strong>materies,</strong></span> <span class='ocrx_word' id='word_1_73' title='bbox 809 1271 997 1328; x_wconf 90' lang='lat' dir='ltr'><strong>varios</strong></span> <span class='ocrx_word' id='word_1_74' title='bbox 1025 1289 1286 1328; x_wconf 85' lang='lat' dir='ltr'><strong>conexus</strong></span> <span class='ocrx_word' id='word_1_75' title='bbox 1313 1270 1581 1347; x_wconf 84' lang='lat' dir='ltr'><strong>pondera</strong></span> <span class='ocrx_word' id='word_1_76' title='bbox 1609 1271 1805 1347; x_wconf 82' lang='lat' dir='ltr'><strong>plagas</strong></span> 
     </span>
     <span class='ocr_line' id='line_1_12' title="bbox 494 1370 2112 1438; baseline 0.003 -20"><span class='ocrx_word' id='word_1_77' title='bbox 494 1379 814 1419; x_wconf 89' lang='lat' dir='ltr'><strong>concursus</strong></span> <span class='ocrx_word' id='word_1_78' title='bbox 843 1370 1056 1432; x_wconf 83' lang='lat' dir='ltr'><strong>motuS‚</strong></span> <span class='ocrx_word' id='word_1_79' title='bbox 1085 1379 1191 1435; x_wconf 89' lang='lat' dir='ltr'><strong>per</strong></span> <span class='ocrx_word' id='word_1_80' title='bbox 1219 1380 1372 1437; x_wconf 90' lang='lat' dir='ltr'><strong>quae</strong></span> <span class='ocrx_word' id='word_1_81' title='bbox 1401 1380 1493 1419; x_wconf 94' lang='lat' dir='ltr'><strong>res</strong></span> <span class='ocrx_word' id='word_1_82' title='bbox 1521 1381 1788 1436; x_wconf 91' lang='lat' dir='ltr'><strong>quaeque</strong></span> <span class='ocrx_word' id='word_1_83' title='bbox 1819 1374 2112 1438; x_wconf 89' lang='lat' dir='ltr'><strong>geruntur.</strong></span> 
     </span>
     <span class='ocr_line' id='line_1_13' title="bbox 577 1452 2321 1528; baseline 0.001 -20"><span class='ocrx_word' id='word_1_84' title='bbox 577 1452 952 1527; x_wconf 85' lang='lat' dir='ltr'><strong>Quapropter</strong></span> <span class='ocrx_word' id='word_1_85' title='bbox 979 1453 1080 1526; x_wconf 91' lang='lat' dir='ltr'><strong>qui</strong></span> <span class='ocrx_word' id='word_1_86' title='bbox 1108 1453 1410 1510; x_wconf 86' lang='lat' dir='ltr'><strong>materiem</strong></span> <span class='ocrx_word' id='word_1_87' title='bbox 1439 1472 1630 1510; x_wconf 88' lang='lat' dir='ltr'><strong>rerum</strong></span> <span class='ocrx_word' id='word_1_88' title='bbox 1656 1472 1783 1512; x_wconf 90' lang='lat' dir='ltr'><strong>esse</strong></span> <span class='ocrx_word' id='word_1_89' title='bbox 1812 1457 2087 1528; x_wconf 87' lang='lat' dir='ltr'><strong>putarunt</strong></span> <span class='ocrx_word' id='word_1_90' title='bbox 2225 1461 2321 1528; x_wconf 85' lang='lat'><strong>635</strong></span> 
     </span>
     <span class='ocr_line' id='line_1_14' title="bbox 494 1543 2085 1619; baseline 0.002 -19"><span class='ocrx_word' id='word_1_91' title='bbox 494 1543 694 1618; x_wconf 89' lang='lat' dir='ltr'><strong>ignem</strong></span> <span class='ocrx_word' id='word_1_92' title='bbox 723 1551 899 1617; x_wconf 90' lang='lat' dir='ltr'><strong>atque</strong></span> <span class='ocrx_word' id='word_1_93' title='bbox 929 1561 1004 1600; x_wconf 85' lang='lat' dir='ltr'><strong>ex</strong></span> <span class='ocrx_word' id='word_1_94' title='bbox 1031 1543 1150 1618; x_wconf 89' lang='lat' dir='ltr'><strong>igni</strong></span> <span class='ocrx_word' id='word_1_95' title='bbox 1179 1562 1466 1600; x_wconf 88' lang='lat' dir='ltr'><strong>summam</strong></span> <span class='ocrx_word' id='word_1_96' title='bbox 1497 1545 1812 1602; x_wconf 89' lang='lat' dir='ltr'><strong>consistere</strong></span> <span class='ocrx_word' id='word_1_97' title='bbox 1843 1546 1987 1619; x_wconf 90' lang='lat' dir='ltr'><strong>solo,</strong></span> <span class='ocrx_word' id='word_1_98' title='bbox 2080 1583 2085 1590; x_wconf 82' lang='lat'><strong>·</strong></span> 
     </span>
     <span class='ocr_line' id='line_1_15' title="bbox 495 1634 1881 1710; baseline 0.001 -19"><span class='ocrx_word' id='word_1_99' title='bbox 495 1652 711 1710; x_wconf 89' lang='lat' dir='ltr'><strong>magno</strong></span> <span class='ocrx_word' id='word_1_100' title='bbox 741 1652 919 1710; x_wconf 89' lang='lat' dir='ltr'><strong>opere</strong></span> <span class='ocrx_word' id='word_1_101' title='bbox 948 1653 985 1691; x_wconf 91' lang='lat' dir='ltr'><strong>a</strong></span> <span class='ocrx_word' id='word_1_102' title='bbox 1009 1652 1147 1691; x_wconf 89' lang='lat' dir='ltr'><strong>vera</strong></span> <span class='ocrx_word' id='word_1_103' title='bbox 1174 1635 1318 1710; x_wconf 91' lang='lat' dir='ltr'><strong>lapsi</strong></span> <span class='ocrx_word' id='word_1_104' title='bbox 1346 1635 1570 1692; x_wconf 86' lang='lat' dir='ltr'><strong>ratione</strong></span> <span class='ocrx_word' id='word_1_105' title='bbox 1598 1634 1881 1693; x_wconf 89' lang='lat' dir='ltr'><strong>videntur.</strong></span> 
     </span>
     <span class='ocr_line' id='line_1_16' title="bbox 497 1724 1907 1800; baseline 0.001 -18"><span class='ocrx_word' id='word_1_106' title='bbox 497 1726 832 1784; x_wconf 84' lang='lat' dir='ltr'><strong>Heraclitus</strong></span> <span class='ocrx_word' id='word_1_107' title='bbox 859 1725 967 1782; x_wconf 81' lang='lat' dir='ltr'><strong>init</strong></span> <span class='ocrx_word' id='word_1_108' title='bbox 995 1743 1246 1798; x_wconf 88' lang='lat' dir='ltr'><strong>quorum</strong></span> <span class='ocrx_word' id='word_1_109' title='bbox 1273 1724 1397 1783; x_wconf 85' lang='lat' dir='ltr'><strong>dux</strong></span> <span class='ocrx_word' id='word_1_110' title='bbox 1422 1725 1643 1800; x_wconf 87' lang='lat' dir='ltr'><strong>proelia</strong></span> <span class='ocrx_word' id='word_1_111' title='bbox 1668 1726 1907 1800; x_wconf 82' lang='lat' dir='ltr'><strong>primuS,</strong></span> 
     </span>
     <span class='ocr_line' id='line_1_17' title="bbox 495 1816 2015 1891; baseline 0.001 -18"><span class='ocrx_word' id='word_1_112' title='bbox 495 1817 684 1874; x_wconf 89' lang='lat' dir='ltr'><strong>clarus</strong></span> <span class='ocrx_word' id='word_1_113' title='bbox 713 1817 792 1874; x_wconf 93' lang='lat' dir='ltr'><strong>ob</strong></span> <span class='ocrx_word' id='word_1_114' title='bbox 820 1816 1130 1874; x_wconf 86' lang='lat' dir='ltr'><strong>obscuram</strong></span> <span class='ocrx_word' id='word_1_115' title='bbox 1159 1816 1414 1890; x_wconf 89' lang='lat' dir='ltr'><strong>linguam</strong></span> <span class='ocrx_word' id='word_1_116' title='bbox 1442 1817 1624 1891; x_wconf 89' lang='lat' dir='ltr'><strong>magis</strong></span> <span class='ocrx_word' id='word_1_117' title='bbox 1653 1817 1803 1874; x_wconf 88' lang='lat' dir='ltr'><strong>inter</strong></span> <span class='ocrx_word' id='word_1_118' title='bbox 1829 1817 2015 1875; x_wconf 89' lang='lat' dir='ltr'><strong>inanis</strong></span> 
     </span>
     <span class='ocr_line' id='line_1_18' title="bbox 497 1906 2314 1982; baseline 0.001 -18"><span class='ocrx_word' id='word_1_119' title='bbox 497 1906 754 1981; x_wconf 91' lang='lat' dir='ltr'><strong>quamde</strong></span> <span class='ocrx_word' id='word_1_120' title='bbox 782 1907 968 1982; x_wconf 85' lang='lat' dir='ltr'><strong>gravis</strong></span> <span class='ocrx_word' id='word_1_121' title='bbox 996 1907 1146 1963; x_wconf 86' lang='lat' dir='ltr'><strong>inter</strong></span> <span class='ocrx_word' id='word_1_122' title='bbox 1174 1907 1382 1965; x_wconf 90' lang='lat' dir='ltr'><strong>Graios</strong></span> <span class='ocrx_word' id='word_1_123' title='bbox 1414 1907 1513 1981; x_wconf 91' lang='lat' dir='ltr'><strong>qui</strong></span> <span class='ocrx_word' id='word_1_124' title='bbox 1540 1925 1677 1965; x_wconf 91' lang='lat' dir='ltr'><strong>vera</strong></span> <span class='ocrx_word' id='word_1_125' title='bbox 1702 1909 2020 1981; x_wconf 84' lang='lat' dir='ltr'><strong>requirunt.</strong></span> <span class='ocrx_word' id='word_1_126' title='bbox 2211 1915 2314 1977; x_wconf 87' lang='lat'><strong>640</strong></span> 
     </span>
     <span class='ocr_line' id='line_1_19' title="bbox 498 1995 2060 2073; baseline 0.001 -18"><span class='ocrx_word' id='word_1_127' title='bbox 498 1998 695 2055; x_wconf 88' lang='lat' dir='ltr'><strong>omnia</strong></span> <span class='ocrx_word' id='word_1_128' title='bbox 723 1999 880 2054; x_wconf 90' lang='lat' dir='ltr'><strong>enirn</strong></span> <span class='ocrx_word' id='word_1_129' title='bbox 911 1995 1104 2054; x_wconf 89' lang='lat' dir='ltr'><strong>stolidi</strong></span> <span class='ocrx_word' id='word_1_130' title='bbox 1132 1997 1314 2071; x_wconf 88' lang='lat' dir='ltr'><strong>magis</strong></span> <span class='ocrx_word' id='word_1_131' title='bbox 1342 1996 1700 2054; x_wconf 88' lang='lat' dir='ltr'><strong>admirantur</strong></span> <span class='ocrx_word' id='word_1_132' title='bbox 1728 2007 2060 2073; x_wconf 87' lang='lat' dir='ltr'><strong>amantque,</strong></span> 
     </span>
     <span class='ocr_line' id='line_1_20' title="bbox 496 2088 1872 2162; baseline 0.001 -18"><span class='ocrx_word' id='word_1_133' title='bbox 496 2089 734 2146; x_wconf 89' lang='lat' dir='ltr'><strong>inversis</strong></span> <span class='ocrx_word' id='word_1_134' title='bbox 763 2106 914 2162; x_wconf 91' lang='lat' dir='ltr'><strong>quae</strong></span> <span class='ocrx_word' id='word_1_135' title='bbox 945 2088 1054 2145; x_wconf 89' lang='lat' dir='ltr'><strong>sub</strong></span> <span class='ocrx_word' id='word_1_136' title='bbox 1082 2088 1270 2144; x_wconf 88' lang='lat' dir='ltr'><strong>verbis</strong></span> <span class='ocrx_word' id='word_1_137' title='bbox 1299 2088 1581 2144; x_wconf 85' lang='lat' dir='ltr'><strong>latitantia</strong></span> <span class='ocrx_word' id='word_1_138' title='bbox 1609 2100 1872 2160; x_wconf 87' lang='lat' dir='ltr'><strong>cernunt,</strong></span> 
     </span>
     <span class='ocr_line' id='line_1_21' title="bbox 495 2178 2034 2255; baseline 0.001 -19"><span class='ocrx_word' id='word_1_139' title='bbox 495 2198 748 2254; x_wconf 89' lang='lat' dir='ltr'><strong>veraque</strong></span> <span class='ocrx_word' id='word_1_140' title='bbox 777 2179 1136 2237; x_wconf 89' lang='lat' dir='ltr'><strong>constituunt</strong></span> <span class='ocrx_word' id='word_1_141' title='bbox 1164 2197 1314 2252; x_wconf 88' lang='lat' dir='ltr'><strong>quae</strong></span> <span class='ocrx_word' id='word_1_142' title='bbox 1346 2178 1493 2236; x_wconf 90' lang='lat' dir='ltr'><strong>belle</strong></span> <span class='ocrx_word' id='word_1_143' title='bbox 1524 2189 1759 2253; x_wconf 89' lang='lat' dir='ltr'><strong>tangere</strong></span> <span class='ocrx_word' id='word_1_144' title='bbox 1788 2188 2034 2255; x_wconf 88' lang='lat' dir='ltr'><strong>possunt</strong></span> 
     </span>
     <span class='ocr_line' id='line_1_22' title="bbox 495 2268 1787 2344; baseline -0.001 -16"><span class='ocrx_word' id='word_1_145' title='bbox 495 2270 650 2328; x_wconf 89' lang='lat' dir='ltr'><strong>auris</strong></span> <span class='ocrx_word' id='word_1_146' title='bbox 677 2280 738 2328; x_wconf 91' lang='lat' dir='ltr'><strong>et</strong></span> <span class='ocrx_word' id='word_1_147' title='bbox 764 2268 963 2344; x_wconf 91' lang='lat' dir='ltr'><strong>lepido</strong></span> <span class='ocrx_word' id='word_1_148' title='bbox 992 2287 1143 2343; x_wconf 92' lang='lat' dir='ltr'><strong>quae</strong></span> <span class='ocrx_word' id='word_1_149' title='bbox 1173 2279 1307 2326; x_wconf 91' lang='lat' dir='ltr'><strong>sunt</strong></span> <span class='ocrx_word' id='word_1_150' title='bbox 1336 2270 1531 2326; x_wconf 85' lang='lat' dir='ltr'><strong>fucata</strong></span> <span class='ocrx_word' id='word_1_151' title='bbox 1558 2288 1787 2328; x_wconf 89' lang='lat' dir='ltr'><strong>sonore.</strong></span> 
     </span>
     <span class='ocr_line' id='line_1_23' title="bbox 580 2358 2310 2436; baseline 0.001 -17"><span class='ocrx_word' id='word_1_152' title='bbox 580 2361 739 2420; x_wconf 91' lang='lat' dir='ltr'><strong>Nam</strong></span> <span class='ocrx_word' id='word_1_153' title='bbox 767 2379 870 2417; x_wconf 90' lang='lat' dir='ltr'><strong>cur</strong></span> <span class='ocrx_word' id='word_1_154' title='bbox 897 2370 1016 2417; x_wconf 91' lang='lat' dir='ltr'><strong>tam</strong></span> <span class='ocrx_word' id='word_1_155' title='bbox 1046 2358 1233 2417; x_wconf 90' lang='lat' dir='ltr'><strong>variae</strong></span> <span class='ocrx_word' id='word_1_156' title='bbox 1261 2378 1353 2417; x_wconf 91' lang='lat' dir='ltr'><strong>res</strong></span> <span class='ocrx_word' id='word_1_157' title='bbox 1380 2361 1607 2434; x_wconf 90' lang='lat' dir='ltr'><strong>possint</strong></span> <span class='ocrx_word' id='word_1_158' title='bbox 1635 2379 1763 2418; x_wconf 91' lang='lat' dir='ltr'><strong>esse</strong></span> <span class='ocrx_word' id='word_1_159' title='bbox 1791 2362 2041 2436; x_wconf 84' lang='lat' dir='ltr'><strong>requirO,</strong></span> <span class='ocrx_word' id='word_1_160' title='bbox 2215 2369 2310 2436; x_wconf 83' lang='lat'><strong>645</strong></span> 
     </span>
     <span class='ocr_line' id='line_1_24' title="bbox 495 2451 1699 2526; baseline -0.002 -16"><span class='ocrx_word' id='word_1_161' title='bbox 495 2471 572 2510; x_wconf 87' lang='lat' dir='ltr'><strong>ex</strong></span> <span class='ocrx_word' id='word_1_162' title='bbox 599 2470 720 2510; x_wconf 91' lang='lat' dir='ltr'><strong>uno</strong></span> <span class='ocrx_word' id='word_1_163' title='bbox 749 2451 795 2509; x_wconf 91' lang='lat' dir='ltr'><strong>si</strong></span> <span class='ocrx_word' id='word_1_164' title='bbox 825 2460 960 2509; x_wconf 89' lang='lat' dir='ltr'><strong>sunt</strong></span> <span class='ocrx_word' id='word_1_165' title='bbox 985 2451 1106 2526; x_wconf 90' lang='lat' dir='ltr'><strong>igni</strong></span> <span class='ocrx_word' id='word_1_166' title='bbox 1134 2469 1402 2525; x_wconf 90' lang='lat' dir='ltr'><strong>puroque</strong></span> <span class='ocrx_word' id='word_1_167' title='bbox 1432 2460 1659 2508; x_wconf 85' lang='lat' dir='ltr'><strong>creatae</strong></span> <span class='ocrx_word' id='word_1_168' title='bbox 1681 2472 1699 2524; x_wconf 81' lang='lat'>3</span> 
     </span>
     <span class='ocr_line' id='line_1_25' title="bbox 495 2540 1929 2618; baseline 0 -18"><span class='ocrx_word' id='word_1_169' title='bbox 495 2543 578 2600; x_wconf 93' lang='lat' dir='ltr'><strong>nil</strong></span> <span class='ocrx_word' id='word_1_170' title='bbox 605 2541 910 2618; x_wconf 89' lang='lat' dir='ltr'><strong>prodesset</strong></span> <span class='ocrx_word' id='word_1_171' title='bbox 939 2541 1097 2599; x_wconf 90' lang='lat' dir='ltr'><strong>enim</strong></span> <span class='ocrx_word' id='word_1_172' title='bbox 1127 2540 1380 2598; x_wconf 91' lang='lat' dir='ltr'><strong>calidum</strong></span> <span class='ocrx_word' id='word_1_173' title='bbox 1412 2540 1707 2598; x_wconf 88' lang='lat' dir='ltr'><strong>denserier</strong></span> <span class='ocrx_word' id='word_1_174' title='bbox 1734 2542 1929 2617; x_wconf 90' lang='lat' dir='ltr'><strong>ignem</strong></span> 
     </span>
     <span class='ocr_line' id='line_1_26' title="bbox 499 2630 1669 2706; baseline -0.003 -15"><span class='ocrx_word' id='word_1_175' title='bbox 499 2653 614 2691; x_wconf 90' lang='lat' dir='ltr'><strong>nec</strong></span> <span class='ocrx_word' id='word_1_176' title='bbox 641 2633 910 2705; x_wconf 79' lang='lat' dir='ltr'><strong>rarefieri,</strong></span> <span class='ocrx_word' id='word_1_177' title='bbox 942 2633 988 2690; x_wconf 92' lang='lat' dir='ltr'><strong>si</strong></span> <span class='ocrx_word' id='word_1_178' title='bbox 1017 2641 1210 2706; x_wconf 89' lang='lat' dir='ltr'><strong>partes</strong></span> <span class='ocrx_word' id='word_1_179' title='bbox 1240 2632 1387 2706; x_wconf 90' lang='lat' dir='ltr'><strong>ignis</strong></span> <span class='ocrx_word' id='word_1_180' title='bbox 1418 2630 1669 2688; x_wconf 90' lang='lat' dir='ltr'><strong>eandem</strong></span> 
     </span>
     <span class='ocr_line' id='line_1_27' title="bbox 495 2722 2061 2797; baseline 0.001 -16"><span class='ocrx_word' id='word_1_181' title='bbox 495 2735 762 2781; x_wconf 87' lang='lat' dir='ltr'><strong>naturam</strong></span> <span class='ocrx_word' id='word_1_182' title='bbox 791 2741 966 2797; x_wconf 92' lang='lat' dir='ltr'><strong>quam</strong></span> <span class='ocrx_word' id='word_1_183' title='bbox 995 2731 1150 2780; x_wconf 91' lang='lat' dir='ltr'><strong>totus</strong></span> <span class='ocrx_word' id='word_1_184' title='bbox 1179 2722 1355 2780; x_wconf 91' lang='lat' dir='ltr'><strong>habet</strong></span> <span class='ocrx_word' id='word_1_185' title='bbox 1384 2740 1560 2796; x_wconf 92' lang='lat' dir='ltr'><strong>super</strong></span> <span class='ocrx_word' id='word_1_186' title='bbox 1588 2722 1733 2796; x_wconf 89' lang='lat' dir='ltr'><strong>ignis</strong></span> <span class='ocrx_word' id='word_1_187' title='bbox 1764 2722 2061 2782; x_wconf 90' lang='lat' dir='ltr'><strong>haberent.</strong></span> 
     </span>
     <span class='ocr_line' id='line_1_28' title="bbox 497 2803 2315 2888; baseline -0.002 -16"><span class='ocrx_word' id='word_1_188' title='bbox 497 2816 689 2872; x_wconf 89' lang='lat' dir='ltr'><strong>acrior</strong></span> <span class='ocrx_word' id='word_1_189' title='bbox 715 2814 888 2872; x_wconf 90' lang='lat' dir='ltr'><strong>ardor</strong></span> <span class='ocrx_word' id='word_1_190' title='bbox 914 2814 1074 2872; x_wconf 90' lang='lat' dir='ltr'><strong>enim</strong></span> <span class='ocrx_word' id='word_1_191' title='bbox 1103 2811 1414 2871; x_wconf 90' lang='lat' dir='ltr'><strong>conductis</strong></span> <span class='ocrx_word' id='word_1_192' title='bbox 1442 2803 1702 2888; x_wconf 80' lang='lat' dir='ltr'><strong>partibus</strong></span> <span class='ocrx_word' id='word_1_193' title='bbox 1732 2823 1902 2887; x_wconf 87' lang='lat' dir='ltr'><strong>esset,</strong></span> <span class='ocrx_word' id='word_1_194' title='bbox 2216 2820 2315 2884; x_wconf 85' lang='lat'><strong>650</strong></span> 
     </span>
     <span class='ocr_line' id='line_1_29' title="bbox 496 2903 1832 2980; baseline -0.001 -16"><span class='ocrx_word' id='word_1_195' title='bbox 496 2905 823 2980; x_wconf 87' lang='lat' dir='ltr'><strong>languidior</strong></span> <span class='ocrx_word' id='word_1_196' title='bbox 849 2923 1024 2980; x_wconf 89' lang='lat' dir='ltr'><strong>porro</strong></span> <span class='ocrx_word' id='word_1_197' title='bbox 1054 2904 1310 2963; x_wconf 88' lang='lat' dir='ltr'><strong>disiectis</strong></span> <span class='ocrx_word' id='word_1_198' title='bbox 1337 2903 1546 2980; x_wconf 88' lang='lat' dir='ltr'><strong>disque</strong></span> <span class='ocrx_word' id='word_1_199' title='bbox 1576 2904 1832 2980; x_wconf 85' lang='lat' dir='ltr'><strong>supatis:</strong></span> 
     </span>
     <span class='ocr_line' id='line_1_30' title="bbox 496 2995 1863 3071; baseline -0.001 -17"><span class='ocrx_word' id='word_1_200' title='bbox 496 2997 746 3071; x_wconf 90' lang='lat' dir='ltr'><strong>amplius</strong></span> <span class='ocrx_word' id='word_1_201' title='bbox 774 2996 889 3053; x_wconf 89' lang='lat' dir='ltr'><strong>hoc</strong></span> <span class='ocrx_word' id='word_1_202' title='bbox 918 2996 1042 3054; x_wconf 91' lang='lat' dir='ltr'><strong>fieri</strong></span> <span class='ocrx_word' id='word_1_203' title='bbox 1069 2997 1150 3053; x_wconf 89' lang='lat' dir='ltr'><strong>nil</strong></span> <span class='ocrx_word' id='word_1_204' title='bbox 1178 3006 1266 3054; x_wconf 89' lang='lat' dir='ltr'><strong>est</strong></span> <span class='ocrx_word' id='word_1_205' title='bbox 1295 2995 1459 3071; x_wconf 93' lang='lat' dir='ltr'><strong>quod</strong></span> <span class='ocrx_word' id='word_1_206' title='bbox 1486 3015 1659 3071; x_wconf 88' lang='lat' dir='ltr'><strong>posse</strong></span> <span class='ocrx_word' id='word_1_207' title='bbox 1689 2996 1863 3054; x_wconf 85' lang='lat' dir='ltr'><strong>rearis</strong></span> 
     </span>
     <span class='ocr_line' id='line_1_31' title="bbox 497 3086 1809 3158; baseline -0.001 -13"><span class='ocrx_word' id='word_1_208' title='bbox 497 3087 707 3145; x_wconf 87' lang='lat' dir='ltr'><strong>talibus</strong></span> <span class='ocrx_word' id='word_1_209' title='bbox 736 3087 797 3144; x_wconf 92' lang='lat' dir='ltr'><strong>in</strong></span> <span class='ocrx_word' id='word_1_210' title='bbox 825 3087 1030 3158; x_wconf 83' lang='lat' dir='ltr'><strong>causiS‚</strong></span> <span class='ocrx_word' id='word_1_211' title='bbox 1061 3086 1283 3144; x_wconf 91' lang='lat' dir='ltr'><strong>nedum</strong></span> <span class='ocrx_word' id='word_1_212' title='bbox 1310 3088 1591 3145; x_wconf 86' lang='lat' dir='ltr'><strong>variantia</strong></span> <span class='ocrx_word' id='word_1_213' title='bbox 1616 3105 1809 3144; x_wconf 90' lang='lat' dir='ltr'><strong>rerum</strong></span> 
     </span>
     <span class='ocr_line' id='line_1_32' title="bbox 495 3176 1910 3252; baseline 0 -17"><span class='ocrx_word' id='word_1_214' title='bbox 495 3187 662 3235; x_wconf 89' lang='lat' dir='ltr'><strong>tanta</strong></span> <span class='ocrx_word' id='word_1_215' title='bbox 687 3186 865 3252; x_wconf 89' lang='lat' dir='ltr'><strong>queat</strong></span> <span class='ocrx_word' id='word_1_216' title='bbox 895 3176 1092 3234; x_wconf 89' lang='lat' dir='ltr'><strong>densis</strong></span> <span class='ocrx_word' id='word_1_217' title='bbox 1121 3177 1377 3251; x_wconf 91' lang='lat' dir='ltr'><strong>rarisque</strong></span> <span class='ocrx_word' id='word_1_218' title='bbox 1408 3195 1481 3234; x_wconf 88' lang='lat' dir='ltr'><strong>ex</strong></span> <span class='ocrx_word' id='word_1_219' title='bbox 1503 3177 1735 3251; x_wconf 89' lang='lat' dir='ltr'><strong>ignibus</strong></span> <span class='ocrx_word' id='word_1_220' title='bbox 1764 3195 1910 3235; x_wconf 89' lang='lat' dir='ltr'><strong>esse.</strong></span> 
     </span>
     <span class='ocr_line' id='line_1_33' title="bbox 495 3271 2311 3347; baseline -0.003 -17"><span class='ocrx_word' id='word_1_221' title='bbox 495 3271 558 3330; x_wconf 90' lang='lat' dir='ltr'><strong>id</strong></span> <span class='ocrx_word' id='word_1_222' title='bbox 589 3289 847 3347; x_wconf 89' lang='lat' dir='ltr'><strong>quoque,</strong></span> <span class='ocrx_word' id='word_1_223' title='bbox 877 3272 925 3330; x_wconf 92' lang='lat' dir='ltr'><strong>si</strong></span> <span class='ocrx_word' id='word_1_224' title='bbox 954 3273 1170 3330; x_wconf 88' lang='lat' dir='ltr'><strong>faciant</strong></span> <span class='ocrx_word' id='word_1_225' title='bbox 1199 3271 1524 3329; x_wconf 88' lang='lat' dir='ltr'><strong>admixtum</strong></span> <span class='ocrx_word' id='word_1_226' title='bbox 1556 3273 1729 3330; x_wconf 89' lang='lat' dir='ltr'><strong>rebus</strong></span> <span class='ocrx_word' id='word_1_227' title='bbox 1756 3272 1949 3343; x_wconf 73' lang='lat' dir='ltr'><strong>inane,</strong></span> <span class='ocrx_word' id='word_1_228' title='bbox 2216 3276 2311 3340; x_wconf 85' lang='lat'><strong>655</strong></span> 
     </span>
     <span class='ocr_line' id='line_1_34' title="bbox 495 3362 1771 3439; baseline 0 -18"><span class='ocrx_word' id='word_1_229' title='bbox 495 3363 730 3436; x_wconf 80' lang='lat' dir='ltr'><strong>denseri</strong></span> <span class='ocrx_word' id='word_1_230' title='bbox 757 3372 1031 3438; x_wconf 89' lang='lat' dir='ltr'><strong>poterunt</strong></span> <span class='ocrx_word' id='word_1_231' title='bbox 1058 3363 1221 3439; x_wconf 90' lang='lat' dir='ltr'><strong>ignes</strong></span> <span class='ocrx_word' id='word_1_232' title='bbox 1249 3363 1477 3437; x_wconf 90' lang='lat' dir='ltr'><strong>rarique</strong></span> <span class='ocrx_word' id='word_1_233' title='bbox 1505 3362 1771 3436; x_wconf 88' lang='lat' dir='ltr'><strong>relinqui.</strong></span> 
     </span>
     <span class='ocr_line' id='line_1_35' title="bbox 495 3451 1888 3527; baseline -0.002 -15"><span class='ocrx_word' id='word_1_234' title='bbox 495 3451 606 3512; x_wconf 91' lang='lat' dir='ltr'><strong>sed</strong></span> <span class='ocrx_word' id='word_1_235' title='bbox 635 3453 772 3527; x_wconf 89' lang='lat' dir='ltr'><strong>quia</strong></span> <span class='ocrx_word' id='word_1_236' title='bbox 799 3453 978 3512; x_wconf 90' lang='lat' dir='ltr'><strong>multa</strong></span> <span class='ocrx_word' id='word_1_237' title='bbox 1004 3453 1112 3512; x_wconf 92' lang='lat' dir='ltr'><strong>sibi</strong></span> <span class='ocrx_word' id='word_1_238' title='bbox 1141 3463 1387 3511; x_wconf 90' lang='lat' dir='ltr'><strong>cernunt</strong></span> <span class='ocrx_word' id='word_1_239' title='bbox 1415 3453 1701 3510; x_wconf 90' lang='lat' dir='ltr'><strong>contraria</strong></span> <span class='ocrx_word' id='word_1_240' title='bbox 1727 3453 1888 3510; x_wconf 86' lang='lat' dir='ltr'><strong>nasci</strong></span> 
     </span>
     <span class='ocr_line' id='line_1_36' title="bbox 493 3545 1930 3620; baseline -0.004 -14"><span class='ocrx_word' id='word_1_241' title='bbox 493 3555 556 3606; x_wconf 86' lang='lat' dir='ltr'><strong>et</strong></span> <span class='ocrx_word' id='word_1_242' title='bbox 585 3545 830 3620; x_wconf 86' lang='lat' dir='ltr'><strong>fugitant</strong></span> <span class='ocrx_word' id='word_1_243' title='bbox 858 3546 918 3603; x_wconf 91' lang='lat' dir='ltr'><strong>in</strong></span> <span class='ocrx_word' id='word_1_244' title='bbox 943 3547 1114 3604; x_wconf 92' lang='lat' dir='ltr'><strong>rebus</strong></span> <span class='ocrx_word' id='word_1_245' title='bbox 1144 3545 1314 3602; x_wconf 92' lang='lat' dir='ltr'><strong>inane</strong></span> <span class='ocrx_word' id='word_1_246' title='bbox 1345 3545 1671 3619; x_wconf 80' lang='lat' dir='ltr'><strong>relinquere</strong></span> <span class='ocrx_word' id='word_1_247' title='bbox 1700 3561 1930 3618; x_wconf 89' lang='lat' dir='ltr'><strong>purum,</strong></span> 
     </span>
    </p>
   </div>
  </div>
 </body>
</html>
