2784 3992
460 300 541 365 54
1122 298 1588 353 LUCRETIUS
2148 294 2256 367 [11.

453 461 715 519 sensibus
738 481 753 531 3
795 469 861 519 ut
888 478 1095 518 noscas
1122 459 1321 533 primis
1350 457 1578 516 differre
1609 458 1817 533 figuris.
2162 464 2255 528 685

453 550 758 609 dissimiles
788 551 955 626 igitur
982 552 1202 608 formae
1231 549 1625 624 glomeramen
1656 549 1716 605 in
1745 567 1925 605 unum

452 642 811 699 conveniunt
838 649 897 697 et
923 658 1015 698 res
1042 640 1332 715 permixto
1360 640 1583 697 semine
1613 648 1900 696 constant.

454 732 593 805 quin
624 732 800 789 etiam
821 731 1035 806 passim
1066 731 1275 789 nostris
1304 731 1363 787 in
1391 730 1651 787 versibus
1681 730 1820 803 ipsis

454 822 633 879 multa
660 822 949 879 elementa
975 820 1140 879 vides
1170 821 1362 879 multis
1392 820 1730 877 communia
1756 820 1964 890 verbiS,

452 929 589 968 cum
616 921 812 970 tamen
841 913 990 970 inter
1017 930 1079 970 se
1107 929 1305 969 versus
1333 929 1404 967 ac
1432 911 1611 968 verba
1638 928 1880 967 necesse
1912 918 2000 967 est
2161 915 2259 979 690

412 1034 419 1041 -
453 1002 765 1060 confiteare
795 1004 903 1060 alia
932 1021 1005 1061 ex
1031 1003 1154 1060 aliis
1184 1010 1451 1059 constare
1482 1001 1784 1058 elementis
1807 1021 1824 1071 3

453 1109 570 1149 non
602 1111 721 1167 quo
751 1094 931 1151 multa
958 1111 1161 1169 parum
1191 1092 1527 1150 communis
1555 1092 1742 1148 littera
1769 1100 1960 1148 currat

452 1192 551 1240 aut
578 1183 733 1241 nulla
759 1184 909 1241 inter
934 1201 997 1241 se
1028 1183 1149 1241 duo
1177 1183 1291 1241 sint
1320 1200 1394 1239 ex
1423 1181 1696 1239 omnibus
1726 1179 1933 1251 isdem,

452 1272 555 1331 sed
586 1274 721 1347 quia
748 1292 869 1331 non
896 1274 1067 1349 volgo
1094 1274 1255 1349 paria
1283 1272 1555 1331 omnibus
1584 1272 1782 1328 omnia
1811 1279 2100 1329 constant.

452 1364 534 1420 sic
563 1363 684 1421 aliis
716 1364 773 1421 in
801 1364 973 1423 rebus
1002 1364 1142 1421 item
1172 1364 1507 1421 communia
1535 1362 1714 1419 multa
2162 1367 2256 1433 695

453 1455 761 1511 multarum
788 1472 979 1512 rerum
1008 1472 1143 1511 cum
1173 1455 1287 1512 sint
1313 1453 1649 1528 primordia,
1677 1470 1881 1510 verum

453 1544 713 1602 dissimili
741 1555 939 1603 tamen
968 1546 1116 1603 inter
1145 1562 1207 1602 se
1237 1545 1556 1602 consistere
1585 1562 1813 1602 summa

451 1646 697 1710 possunt
717 1656 734 1708 3
778 1646 843 1693 ut
870 1636 1078 1693 merito
1105 1651 1179 1692 ex
1208 1636 1333 1693 aliis
1362 1644 1626 1693 constare
1658 1635 1870 1693 feratur

453 1726 772 1783 humanum
800 1744 983 1801 genus
1012 1736 1071 1783 et
1098 1724 1289 1801 fruges
1318 1727 1666 1801 arbustaque
1696 1727 1864 1784 laeta.

533 1818 590 1874 N
595 1835 664 1874 ec
682 1826 880 1875 tamen
897 1816 1253 1875 omnimodis
1271 1818 1506 1875 conecti
1520 1835 1693 1892 posse
1708 1815 2036 1891 putandum
2056 1825 2144 1874 est
2165 1835 2260 1881 700

452 1908 649 1964 omnia
668 1927 685 1978 3
728 1926 866 1964 nam
896 1907 1067 1983 volgo
1097 1909 1219 1965 fieri
1250 1917 1522 1982 portenta
1547 1907 1794 1978 videreS,

451 1997 744 2055 semiferas
773 1997 1079 2055 hominum
1108 2000 1333 2073 species
1364 1998 1609 2055 existere
1639 2007 1699 2056 et
1727 1998 1874 2057 altos

450 2087 741 2145 interdum
768 2106 960 2146 ramos
990 2089 1181 2163 egigni
1209 2106 1454 2163 corpore
1484 2089 1632 2158 νὶνο,

451 2178 746 2254 multaque
776 2180 1009 2237 conecti
1038 2179 1323 2236 terrestria
1350 2180 1616 2237 membra
1644 2179 1896 2259 mariniS,

450 2277 575 2326 tum
604 2269 896 2327 flammam
927 2278 1112 2326 taetro
1142 2270 1407 2343 spirantis
1437 2287 1537 2327 ore
1569 2269 1908 2327 Chimaeras
2163 2285 2259 2338 705

450 2377 689 2436 pascere
719 2371 983 2418 naturam
1012 2378 1117 2435 per
1145 2369 1321 2417 terras
1350 2360 1790 2434 omniparentis,
2069 2360 2074 2365 “

451 2468 697 2525 quorum
727 2452 807 2508 nil
837 2452 958 2509 fieri
988 2451 1357 2508 manifestum
1388 2460 1494 2522 est,
1526 2451 1724 2508 omnia
1752 2448 1993 2526 quando

452 2541 766 2599 seminibus
796 2542 967 2599 certis
996 2551 1155 2599 certa
1182 2542 1479 2616 genetrice
1511 2550 1706 2598 creata

452 2648 791 2689 conservare
820 2650 1003 2705 genus
1032 2633 1355 2690 crescentia
1382 2650 1556 2707 posse
1584 2630 1870 2689 videmus,

452 2722 673 2779 scilicet
701 2722 762 2779 id
791 2732 948 2779 certa
977 2722 1100 2779 fieri
1126 2724 1348 2780 ratione
1378 2731 1696 2780 necessust.
2165 2741 2259 2787 710

452 2830 590 2869 nam
618 2831 721 2870 sua
748 2813 959 2886 cuique
990 2812 1133 2870 cibis
1162 2830 1236 2869 ex
1265 2814 1538 2871 omnibus
1567 2814 1719 2869 intus
1749 2812 1809 2869 in
1837 2822 1992 2871 artus

452 2920 697 2977 corpore
729 2902 1038 2960 discedunt
1067 2920 1411 2977 conexaque
1441 2903 1844 2960 convenientis

452 2993 711 3050 efficiunt
738 3002 930 3050 motus
953 3013 969 3065 3
1014 3001 1073 3049 at
1100 3002 1307 3050 contra
1334 2993 1522 3050 aliena
1550 2991 1817 3051 videmus

449 3084 668 3141 reicere
699 3084 759 3140 in
786 3092 963 3141 terras
991 3092 1275 3155 naturam,
1305 3084 1600 3157 multaque
1631 3083 1823 3140 caecis
2243 3152 2248 3157 ⁸

452 3174 791 3249 corporibus
819 3174 1045 3249 fugiunt
1073 3192 1105 3231 e
1136 3192 1381 3249 corpore
1411 3174 1633 3249 percita
1660 3173 1860 3248 plagiS,
2163 3187 2258 3243 715

450 3282 601 3338 quae
630 3282 824 3338 neque
853 3265 1085 3322 conecti
1115 3283 1415 3339 quoquam
1446 3274 1689 3339 potuere
1717 3280 1913 3339 neque
1943 3262 2097 3320 intus

450 3355 633 3413 vitalis
662 3364 855 3413 motus
884 3356 1213 3412 consentire
1242 3364 1418 3429 atque
1448 3354 1676 3412 imitari.

450 3444 558 3503 sed
586 3462 661 3502 ne
690 3444 835 3502 forte
864 3455 1034 3519 putes
1062 3445 1333 3502 animalia
1361 3446 1484 3503 sola
1512 3444 1698 3502 teneri

450 3535 676 3610 legibus
705 3535 881 3607 hisce,
912 3553 983 3592 ea
1009 3552 1101 3593 res
1128 3536 1275 3593 ratio
1306 3534 1668 3593 disterminat
1697 3535 1906 3592 omnis,
