2784 3992
482 290 627 363 111.]
975 292 1085 345 DE
1126 292 1418 347 RERUM
1476 291 1821 349 NATURA
2213 284 2297 364 87

478 463 664 513 servat
689 454 855 514 humi
881 453 1102 514 voltum
1129 454 1365 514 vitalem
1392 454 1717 532 oculosque
1747 456 2020 533 patentis,
2191 466 2288 530 655

477 544 670 603 donec
696 546 967 620 reliquias
996 547 1209 604 animai
1236 546 1497 605 reddidit
1525 565 1752 605 omnes,

476 636 616 710 quin
645 637 818 693 etiam
848 637 953 694 tibi
980 637 1029 695 si
1055 637 1251 712 lingua
1277 638 1539 696 vibrante
1568 637 1810 695 micanti

475 728 757 802 serpentis
786 727 978 786 cauda
1006 746 1039 785 e
1067 746 1316 803 procero
1345 746 1595 804 corpore
1627 738 1940 805 utrumque

474 818 545 874 sit
573 818 800 876 libitum
829 818 887 875 in
917 819 1126 876 multas
1154 820 1331 893 partis
1360 818 1655 879 discidere
1684 821 1856 894 ferre,

473 908 672 965 omnia
698 908 815 965 iam
843 926 1069 966 sorsum
1100 927 1303 967 cernes
1332 910 1533 968 ancisa
1560 912 1784 970 recenti
2186 921 2286 970 660

471 997 704 1055 volnere
734 999 931 1055 tortari
960 1008 1019 1057 et
1046 1008 1256 1058 terram
1286 1018 1676 1076 conspargere
1705 1002 1865 1076 tab0‚

470 1087 655 1162 ipsam
684 1106 866 1163 seque
894 1098 1048 1149 retro
1076 1099 1302 1165 partem
1332 1100 1534 1166 petere
1564 1110 1664 1150 ore
1687 1092 1964 1168 priorem,

470 1178 717 1237 volneris
744 1177 972 1237 ardenti
998 1189 1064 1237 ut
1090 1198 1285 1239 morsu
1314 1191 1543 1256 premat
1571 1182 1688 1240 icta
1715 1181 2001 1244 dolorem.

470 1270 743 1330 omnibus
772 1287 899 1328 esse
927 1270 1099 1346 igitur
1127 1280 1277 1330 totas
1306 1271 1572 1331 dicemus
1602 1273 1663 1330 in
1691 1274 1800 1331 illis

468 1360 763 1435 particulis
790 1361 1013 1419 animas
1027 1362 1055 1419 ?
1081 1371 1142 1420 at
1168 1380 1240 1420 ea
1266 1363 1490 1421 ratione
1522 1372 1801 1438 sequetur
2111 1370 2118 1380 '
2187 1371 2281 1437 665

465 1469 643 1508 unam
673 1451 1029 1511 animantem
1059 1453 1281 1512 animas
1310 1452 1581 1512 habuisse
1611 1454 1672 1511 in
1702 1471 1950 1529 corpore
1977 1455 2204 1515 multas,

468 1559 609 1617 ergo
638 1540 879 1601 divisast
906 1561 979 1601 ea
1004 1561 1154 1618 quae
1183 1544 1289 1603 fuit
1315 1563 1435 1603 una
1463 1544 1634 1602 simul
1663 1563 1799 1603 cum

468 1652 758 1711 corpore·
739 1680 759 1709 ,
802 1646 1158 1712 quapropter
1186 1638 1428 1696 mortale
1459 1646 1770 1712 utrumque
1799 1638 2201 1747 putandumst,

468 1724 532 1784 in
560 1726 772 1786 multas
799 1727 1079 1830 quoniam
1107 1728 1285 1803 partis
1315 1727 1620 1786 disciditur
1647 1746 1853 1803 aeque.

547 1818 855 1876 Praeterea
882 1817 930 1875 si
958 1818 1276 1877 inmortalis
1304 1828 1511 1876 natura
1537 1818 1754 1876 animai
1812 1792 1942 1829 εἲ
2185 1827 2284 1887 670

465 1917 695 1966 constat
724 1917 783 1967 et
812 1909 874 1966 in
902 1926 1115 1984 corpus
1143 1910 1518 1968 nascentibus
1546 1909 1882 1982 insinuatur,

465 2015 570 2055 cur
596 2016 772 2074 super
797 2008 1129 2058 anteactam
1156 2010 1408 2058 aetatem
1437 2000 1771 2058 meminisse
1798 2000 2109 2075 nequimus

464 2106 577 2147 nec
606 2090 849 2165 vestigia
874 2099 1167 2165 gestarum
1192 2108 1386 2148 rerum
1415 2091 1532 2148 ulla
1556 2091 1869 2149 tenemus?

463 2197 601 2237 nam
632 2180 680 2238 si
708 2189 872 2239 tanto
901 2191 1136 2256 operest
1162 2182 1341 2239 animi
1370 2190 1595 2238 mutata
1621 2190 1904 2256 potestas,

414 2264 421 2271 ’
464 2271 656 2329 omnis
684 2280 749 2329 ut
777 2281 1037 2329 actarum
1067 2271 1350 2330 exciderit
1377 2272 1687 2330 retinentia
1713 2290 1926 2344 rerum,
2185 2279 2247 2339 67
2252 2291 2278 2344 5

463 2380 603 2435 non,
633 2370 698 2419 ut
726 2362 954 2437 opinor,
984 2361 1047 2420 id
1074 2380 1111 2420 a
1136 2362 1254 2420 leto
1284 2362 1404 2420 iam
1433 2363 1681 2437 longiter
1708 2371 1858 2420 errat
1877 2383 1895 2435 3

464 2461 822 2528 quapropter
847 2453 1061 2511 fateare
1090 2463 1388 2511 necessest
1417 2471 1569 2528 quae
1598 2454 1704 2511 fuit
1731 2463 1868 2511 ante

463 2542 745 2602 interiisse
776 2552 835 2602 et
864 2562 1015 2619 quae
1044 2562 1202 2602 nunc
1232 2554 1320 2603 est
1348 2562 1509 2602 nunc
1540 2562 1666 2602 esse
1697 2553 1970 2604 creatam.

546 2636 857 2693 Praeterea
884 2635 932 2693 si
960 2635 1077 2693 iarn
1104 2635 1366 2713 perfecto
1397 2652 1644 2710 corpore
1673 2635 1844 2695 nobis

463 2723 658 2783 inferri
685 2725 908 2784 solitast
934 2726 1115 2783 anImi
1142 2725 1333 2784 vivata
1360 2735 1622 2803 potestas
2181 2731 2278 2783 680

465 2825 591 2874 tum
621 2835 759 2875 cum
787 2816 1081 2893 gignimur
1106 2826 1167 2875 et
1193 2818 1345 2875 vitae
1376 2836 1514 2875 cum
1543 2817 1722 2874 limen
1753 2817 1984 2888 inimuS,

464 2906 623 2965 haud
652 2907 733 2965 ita
760 2907 1152 2967 conveniebat
1177 2908 1263 2966 uti
1292 2927 1430 2966 cum
1459 2925 1707 2983 corpore
1739 2916 1798 2965 et
1825 2926 1945 2964 una

464 3017 602 3055 cum
631 2999 910 3057 membris
938 2998 1204 3057 videatur
1232 2999 1292 3056 in
1322 2999 1452 3074 ipso
1483 2998 1765 3073 sanguine
1796 3016 2008 3070 cresse,

462 3087 570 3146 sed
597 3088 756 3147 velut
783 3090 844 3147 in
872 3107 1055 3148 cavea
1081 3107 1188 3164 per
1216 3108 1278 3148 se
1310 3089 1420 3148 sibi
1448 3089 1638 3146 vivere
1670 3088 1872 3154 solam.

464 3176 767 3259 [convenit
793 3188 859 3237 ut
885 3197 1060 3238 sensu
1091 3197 1304 3255 corpus
1335 3189 1534 3237 tamen
1562 3178 1761 3236 affluat
1793 3177 2003 3256 omne]
2185 3184 2276 3248 685

461 3269 627 3345 quod
657 3270 781 3328 fieri
810 3279 999 3328 totum
1028 3280 1234 3328 contra
1264 3270 1572 3327 manifesta
1601 3268 1780 3327 docet
1807 3287 1900 3326 res
1921 3290 1940 3342 3

458 3378 718 3435 namque
748 3360 830 3418 ita
857 3379 1089 3419 conexa
1116 3370 1205 3419 est
1232 3378 1339 3435 per
1365 3378 1546 3418 venas
1575 3360 1798 3418 viscera
1825 3377 2039 3418 nervos

459 3469 733 3527 ossaque,
764 3452 850 3509 uti
877 3451 1087 3510 dentes
1117 3469 1356 3526 quoque
1386 3470 1561 3539 sensu
1590 3450 2050 3526 participentur3

458 3543 703 3602 morbus
730 3552 795 3600 ut
822 3542 1042 3601 indicat
1070 3551 1131 3600 et
1156 3540 1369 3618 gelidai
1398 3542 1646 3617 stringor
1672 3541 1846 3616 aquai
