2784 3992
533 277 604 351 L]
1009 278 1117 330 DE
1169 276 1460 330 RERUM
1511 275 1855 329 NATURA
2262 275 2297 322 2
2307 272 2347 340 7

531 458 681 516 quae
711 458 851 497 cum
879 438 1230 510 confluxere,
1260 446 1463 495 creant
1491 435 1765 512 incendia
1792 436 1961 496 silvis.

532 530 697 606 quod
725 531 775 588 si
803 530 956 587 facta
982 529 1130 586 foret
1157 528 1310 586 silvis
1339 527 1689 586 abscondita
1716 527 1965 600 flamma,

531 640 654 679 non
681 629 925 696 possent
954 620 1130 678 ullum
1161 629 1394 693 tempus
1424 619 1663 676 celarier
1691 619 1876 694 igneS,
2247 637 2340 690 905

533 712 894 769 conficerent
920 710 1093 785 volgo
1123 709 1308 780 silva5‚
1340 710 1574 767 arbusta
1602 718 1945 768 cremarent.

533 801 725 859 iamne
753 800 918 859 vides
947 799 1133 876 igitur,
1163 800 1340 875 paulo
1370 799 1535 874 quod
1566 800 1815 859 diximus
1844 809 1997 872 ante,

533 893 835 968 permagni
861 879 1072 949 referre
1102 890 1313 949 eadem
1342 891 1661 967 primordia
1689 910 1866 967 saepe

534 1002 668 1040 cum
697 982 908 1057 quibus
937 991 997 1040 et
1025 982 1183 1057 quali
1209 983 1472 1058 positura
1503 985 1911 1041 contineantur

533 1083 593 1132 et
621 1092 771 1150 quos
799 1074 948 1132 inter
975 1091 1038 1132 se
1067 1072 1212 1132 dent
1238 1083 1435 1132 motus
1464 1075 1892 1150 accipiantque,
2249 1093 2349 1145 910

533 1174 710 1240 atque
740 1163 952 1223 eadem
979 1165 1158 1240 paulo
1186 1165 1336 1224 inter
1364 1184 1427 1224 se
1458 1175 1679 1224 mutata
1708 1182 1902 1223 creare

534 1256 699 1331 ignes
728 1265 788 1314 et
813 1256 1036 1332 lignum
1051 1257 1080 1314 ?
1119 1273 1241 1331 quo
1270 1267 1449 1333 pacto
1478 1258 1656 1315 verba
1682 1273 1921 1330 quoque
1948 1255 2075 1330 ipsa

534 1347 683 1404 inter
711 1365 772 1404 se
801 1347 978 1423 paulo
1008 1348 1243 1406 mutatis
1271 1358 1407 1407 sunt
1435 1348 1753 1419 elementiS‚

533 1456 672 1496 cum
699 1438 856 1513 ligna
883 1448 1058 1513 atque
1083 1439 1247 1515 ignes
1276 1438 1551 1496 distincta
1579 1456 1727 1496 voce
1755 1447 2046 1496 notemus

534 1528 792 1604 denique
822 1530 938 1587 iam
965 1547 1376 1606 quaecumque
1398 1530 1457 1587 in
1485 1529 1658 1588 rebus
1688 1529 1875 1587 cemis
1904 1528 2117 1604 apertis
2252 1545 2348 1600 915

533 1619 581 1677 si
608 1620 734 1677 fieri
763 1639 885 1678 non
913 1639 1087 1696 posse
1117 1630 1306 1696 putaS,
1337 1621 1481 1695 quin
1510 1621 1769 1677 materiai

535 1728 784 1785 corpora
811 1711 1099 1769 consimili
1127 1721 1331 1768 natura
1358 1711 1622 1786 praedita
1648 1711 1850 1786 fingas,

535 1800 647 1859 hac
674 1801 898 1859 ratione
927 1802 1033 1860 tibi
1061 1812 1308 1877 pereunt
1335 1802 1656 1878 primordia
1681 1820 1874 1859 rerum
1898 1824 1911 1860 :

534 1891 638 1949 fiet
665 1892 748 1949 uti
776 1893 890 1950 risu
920 1892 1166 1950 tremulo
1197 1911 1488 1951 concussa
1516 1893 1871 1951 cachinnent

535 1991 595 2042 et
621 1983 870 2040 lacrimis
899 1984 1060 2041 salsis
1091 1993 1390 2041 umectent
1420 2002 1523 2042 ora
1550 2001 1915 2064 genasquffi„
2255 2004 2354 2056 920

619 2074 796 2131 Nunc
825 2091 932 2148 age
960 2074 1126 2149 quod
1155 2083 1420 2148 superest
1450 2092 1743 2149 cognosce
1774 2084 1835 2132 et
1854 2075 2066 2153 Q
2095 2073 2251 2132 audi.
2316 2046 2407 2182 Gi
2425 2056 2531 2156 f]-

533 2182 650 2222 nec
677 2182 775 2221 me
805 2164 983 2221 animi
1011 2165 1151 2222 fallit
1180 2184 1357 2240 quam
1389 2166 1503 2223 sint
1532 2166 1818 2238 obscura3
1862 2164 1969 2224 sed
1997 2165 2115 2222 acri

537 2254 824 2331 percussit
852 2254 1050 2330 thyrso
1080 2255 1268 2314 laudis
1297 2275 1431 2332 spes
1462 2275 1677 2332 magna
1705 2274 1903 2313 meum
1933 2274 2035 2313 cor

536 2355 597 2404 et
624 2344 795 2404 simul
820 2345 1063 2405 incussit
1091 2365 1332 2405 suavem
1364 2348 1445 2404 mi
1474 2348 1533 2405 in
1563 2357 1769 2423 pectus
1800 2365 2060 2404 amorem

535 2453 852 2507 musarum,
883 2454 1003 2510 quo
1032 2456 1190 2495 nunc
1219 2437 1527 2496 instinctus
1556 2448 1754 2496 mente
1783 2437 1999 2513 vigenti
2256 2455 2352 2510 9²5

537 2530 668 2588 avia
699 2527 991 2586 Pieridum
1021 2547 1264 2605 peragro
1295 2530 1429 2587 loca
1455 2530 1664 2587 nullius
1694 2539 1829 2587 ante

537 2623 668 2681 trita
696 2621 841 2680 solo·
874 2621 1032 2678 iuvat
1058 2621 1312 2696 integros
1341 2620 1626 2678 accedere
1658 2620 1831 2678 fontis

536 2723 715 2790 atque
744 2712 990 2782 haurire,
1020 2712 1292 2786 iuvatque
1321 2731 1507 2770 novos
1536 2711 1853 2787 decerpere
1883 2711 2053 2769 flores

538 2805 946 2880 insignemque
976 2821 1112 2860 meo
1140 2803 1318 2878 capiti
1345 2813 1547 2878 petere
1576 2803 1713 2860 inde
1745 2821 2025 2860 coronam

535 2894 697 2953 unde
725 2896 884 2971 prius
913 2894 1051 2951 nulli
1079 2894 1319 2951 velarint
1348 2903 1617 2968 tempora
1645 2911 1845 2951 musae
1867 2914 1885 2966 3
2258 2912 2356 2964 930

537 2988 793 3063 primum
821 2983 986 3060 quod
1015 2985 1238 3059 magnis
1267 2983 1459 3041 doceo
1490 2984 1565 3041 de
1595 2984 1768 3042 rebus
1798 2993 1856 3041 et
1884 2984 2018 3042 artis

539 3077 889 3153 religionum
919 3076 1179 3133 animum
1208 3074 1382 3132 nodis
1412 3075 1707 3132 exsolvere
1737 3092 1938 3150 perg0‚

538 3167 758 3226 deinde
789 3165 954 3242 quod
982 3167 1230 3224 obscura
1257 3165 1332 3223 de
1363 3184 1425 3222 re
1455 3175 1573 3223 tam
1602 3166 1799 3223 lueida
1825 3183 2021 3241 pango

539 3258 815 3330 carmina,
848 3275 1088 3315 musaeo
1119 3257 1467 3332 contingens
1496 3267 1708 3314 cuncta
1735 3256 1952 3331 lepore.

539 3348 603 3406 id
632 3367 872 3423 quoque
903 3349 1060 3405 enim
1088 3366 1212 3405 non
1241 3349 1314 3406 ab
1343 3348 1500 3404 nulla
1526 3348 1749 3404 ratione
1778 3346 2047 3420 videtur3
2256 3361 2351 3418 935

541 3438 648 3498 sed
676 3440 852 3497 veluti
881 3439 1075 3514 pueris
1107 3439 1397 3496 absinthia
1424 3448 1605 3494 taetra
1632 3438 1941 3495 medentes

543 3549 677 3588 cum
710 3530 849 3588 dare
879 3539 1181 3600 conantur,
1213 3529 1369 3602 prius
1399 3547 1527 3585 oras
1556 3528 1769 3601 pocula
1798 3529 2018 3583 circum
