2784 3992
477 293 565 356 40
1146 288 1610 345 LUCRETIUS
2173 288 2285 361 [11.

474 461 712 527 respuat
739 470 908 511 umor
934 453 1165 527 aquae?
1204 470 1341 509 nam
1369 442 1490 525 quo
1519 451 1700 527 magis
1729 452 1976 510 ursimus
2006 451 2119 510 alte

476 542 713 600 derecta
741 553 801 601 et
829 561 1041 619 magna
1066 543 1124 601 vi
1152 543 1316 600 multi
1344 543 1658 617 pressimus
1693 560 1884 618 aegre,

476 642 594 691 tam
625 633 838 709 cupide
868 652 1093 691 sursum
1122 633 1366 691 revomit
1395 633 1577 707 magis
1607 642 1783 707 atque
1811 633 2069 705 remittit,

476 724 604 798 plus
634 736 696 781 ut
723 734 885 798 parte
915 724 1066 782 foras
1096 732 1397 799 emergant
1425 715 1796 798 exiliantque.
2193 744 2288 779 200

477 833 589 871 nec
618 825 816 872 tamen
844 814 1011 885 haec,
1041 824 1323 888 quantum
1354 823 1444 871 est
1471 814 1531 869 in
1559 830 1641 887 se,
1673 813 2028 886 dubitamus,
2057 814 2286 889 opinor,

483 906 624 979 quin
654 923 903 962 vacuum
930 922 1037 980 per
1066 906 1237 962 inane
1267 904 1542 962 deorsum
1572 913 1787 962 cuncta
1814 904 2086 962 ferantur.

477 996 560 1053 sic
589 995 759 1070 igitur
785 994 1004 1053 debent
1032 994 1299 1052 fiammae
1328 1012 1569 1070 quoque
1599 1013 1774 1070 posse
1803 1013 1909 1069 per
1934 1013 2100 1052 auras

476 1086 623 1143 a'eiris
651 1103 955 1160 expressae
986 1103 1211 1143 sursum
1240 1084 1582 1157 succedere,
1613 1103 1975 1161 quamquam

476 1166 760 1251 pondera,
772 1185 1055 1249 quantum
1074 1176 1134 1232 in
1147 1185 1280 1248 sest,
1293 1172 1568 1234 deorsum
1583 1175 1880 1234 deducere
1893 1184 2173 1252 pugnent,
2192 1196 2284 1246 205

476 1276 908 1340 nocturnasque
936 1267 1093 1324 faces
1122 1266 1269 1324 caeli
1298 1266 1542 1325 sublime
1573 1266 1819 1325 volantis

476 1374 675 1415 nonne
704 1356 868 1414 vides
894 1356 1102 1433 longos
1131 1356 1494 1414 flammarum
1525 1356 1742 1415 ducere
1769 1365 1986 1415 tractus

475 1448 537 1504 in
565 1465 964 1522 quascumque
994 1447 1161 1505 dedit
1187 1448 1364 1521 partis
1391 1455 1598 1504 natura
1626 1456 1882 1505 meatum
1898 1447 1926 1504 Ρ

477 1555 597 1595 non
626 1537 838 1595 cadere
867 1539 927 1595 in
958 1547 1169 1595 terram
1198 1538 1389 1595 stellas
1421 1546 1480 1594 et
1508 1537 1700 1595 sidera
1727 1536 1959 1595 cernis?

478 1628 565 1687 sol
593 1628 769 1685 etiam
798 1628 942 1685 caeli
972 1628 1048 1686 de
1076 1629 1292 1686 vertice
1324 1628 1565 1702 dissipat
1593 1628 1783 1686 omnis
2189 1648 2286 1685 210

475 1718 745 1776 ardorem
774 1718 833 1775 in
861 1720 1037 1794 partis
1067 1728 1126 1776 et
1154 1718 1372 1775 lumine
1402 1718 1656 1776 conserit
1682 1736 1856 1791 arva;

475 1808 536 1866 in
564 1818 739 1867 terras
767 1809 935 1883 igitur
962 1827 1199 1885 quoque
1229 1809 1366 1867 solis
1392 1808 1645 1884 vergitur
1671 1808 1862 1867 ardor.

476 1908 945 1973 transversosque
973 1900 1163 1957 volare
1194 1917 1299 1974 per
1326 1899 1527 1957 imbris
1556 1898 1798 1956 fulmina
1825 1901 2050 1959 cernis:

476 2008 635 2047 nunc
664 1988 800 2046 hinc
827 2007 985 2046 nunc
1014 1990 1183 2046 illinc·
1197 1989 1427 2064 abrupti
1457 1989 1709 2047 nubibus
1738 1989 1900 2064 ignes

474 2089 825 2137 concursant
847 2100 864 2152 3
906 2080 1064 2137 cadit
1092 2081 1152 2137 in
1181 2090 1357 2138 terras
1384 2080 1472 2137 vis
1499 2079 1770 2138 flammea
1798 2081 1991 2157 volgo.
2191 2101 2283 2155 ²15

557 2170 711 2228 Illud
739 2171 801 2227 in
829 2170 918 2228 his
946 2188 1183 2245 quoque
1212 2179 1271 2228 te
1298 2171 1472 2228 rebus
1500 2188 1860 2245 cognoscere
1889 2190 2147 2244 avemuS,

474 2279 722 2336 corpora
748 2279 886 2319 cum
915 2260 1189 2320 deorsum
1218 2271 1444 2319 rectum
1473 2278 1580 2336 per
1607 2261 1778 2320 inane
1809 2263 2084 2335 feruntur,

474 2351 831 2425 ponderibus
858 2352 1123 2427 propriiS,
1154 2369 1215 2409 se
1244 2351 1470 2409 incerto
1499 2361 1766 2428 tempore
1796 2353 1976 2411 ferme

472 2442 821 2517 incertisque
850 2442 966 2501 loci
994 2442 1191 2517 spatiis
1222 2442 1515 2517 depellere
1544 2444 1804 2519 paulum,

473 2541 696 2589 tantum
726 2532 891 2606 quod
919 2551 1157 2591 momen
1187 2543 1474 2592 mutatum
1504 2534 1700 2593 dicere
1729 2535 1936 2611 possiS.
1985 2604 2000 2626 ἱ
2190 2558 2288 2594 220

472 2622 634 2697 quod
662 2623 772 2680 nisi
800 2622 1091 2681 declinare
1121 2625 1391 2696 solerent,
1423 2625 1623 2683 omnia
1649 2624 1944 2698 deorsum,

472 2713 669 2770 imbris
697 2713 780 2770 uti
806 2722 1023 2787 guttae,
1054 2713 1333 2773 caderent
1361 2734 1467 2790 per
1495 2717 1668 2774 inane
1697 2715 2078 2791 profundum,

471 2820 584 2860 nec
612 2804 761 2861 foret
789 2803 1043 2861 offensus
1072 2813 1240 2863 natus
1266 2824 1381 2864 nec
1409 2807 1580 2882 plaga
1608 2818 1803 2866 creata

472 2893 767 2967 principiis
792 2915 804 2951 ε
849 2894 927 2951 ita
955 2894 1036 2952 nil
1064 2913 1344 2971 umquam
1375 2907 1578 2954 natura
1606 2906 1874 2956 creasset.

553 2983 734 3057 Quod
764 2985 810 3042 si
839 2985 985 3043 forte
1015 2986 1220 3061 aliquis
1244 2987 1430 3045 credit
1458 2987 1720 3063 graviora
1747 2997 1982 3063 potesse
2187 3009 2282 3062 225

414 3115 429 3130 .
472 3094 733 3151 corpora,
766 3096 885 3153 quo
915 3078 1083 3137 citius
1110 3090 1333 3137 rectum
1365 3098 1472 3155 per
1499 3082 1672 3140 inane
1701 3081 1976 3153 feruntur,

472 3166 729 3225 incidere
758 3186 832 3226 ex
860 3187 1073 3244 supero
1100 3170 1410 3229 levioribus
1439 3182 1615 3246 atque
1642 3171 1724 3230 ita
1751 3172 1947 3247 plagas

471 3258 707 3332 gignere
736 3276 886 3334 quae
916 3261 1141 3335 possint
1168 3262 1431 3337 genitalis
1459 3261 1705 3320 reddere
1736 3271 1950 3334 motuS‚

472 3349 627 3407 avius
656 3368 691 3407 a
715 3368 853 3407 vera
878 3351 1052 3426 longe
1079 3352 1303 3409 ratione
1330 3350 1571 3410 recedit.

472 3457 609 3496 nam
626 3458 732 3515 per
747 3459 927 3515 aquas
945 3460 1352 3516 quaecumque
1371 3441 1592 3499 cadunt
1608 3451 1783 3516 atque
1801 3442 1937 3500 aera
1951 3461 2162 3513 rarum,
2186 3464 2284 3513 230

474 3528 621 3587 haec
649 3548 756 3606 pro
782 3530 1141 3606 ponderibus
1170 3550 1340 3591 casus
1368 3532 1620 3592 celerare
1647 3543 1946 3591 necessest
