2784 3992
465 312 551 377 42
1140 310 1602 365 LUCRETIUS
2158 305 2214 375 [1
2226 306 2265 359 Ι.

466 476 641 552 copia
669 474 937 550 conquiri
966 472 1163 545 debet,
1194 473 1428 531 concita
1454 490 1560 548 per
1585 478 1741 530 artus

465 567 657 624 omnis
686 576 749 624 ut
776 565 1031 625 studium
1063 565 1274 622 mentis
1305 564 1518 621 conixa
1545 573 1854 637 sequatur3

466 667 529 713 ut
558 655 757 715 videas
785 657 990 713 initum
1022 664 1214 713 motus
1241 674 1277 712 a
1306 653 1488 711 corde
1517 653 1698 710 creari

467 765 540 805 ex
569 747 864 821 animique
894 747 1186 803 voluntate
1217 744 1278 802 id
1307 742 1630 819 procedere
1661 743 1933 819 primum,
2182 760 2276 805 270

468 838 603 896 inde
635 838 757 895 dari
788 855 961 912 porro
990 855 1095 911 per
1121 844 1310 894 totum
1339 853 1553 910 corpus
1581 843 1640 892 et
1666 842 1839 892 artuS.

466 947 579 986 nec
608 928 847 986 similest
875 938 938 985 ut
968 945 1102 984 cum
1136 926 1367 1001 impulsi
1397 923 1773 1001 procedimus
1800 924 1919 982 ictu

465 1020 677 1077 viribus
704 1019 935 1077 alterius
963 1018 1187 1093 magnis
1216 1034 1551 1093 magnoque
1582 1024 1795 1075 coactu
1815 1036 1832 1088 3

466 1128 604 1167 nam
632 1119 757 1168 tum
785 1110 1085 1167 materiem
1114 1108 1291 1167 totius
1321 1107 1582 1183 corporis
1612 1124 1852 1165 omnem

465 1203 893 1277 perspicuumst
918 1201 1091 1260 nobis
1144 1200 1335 1259 invitis
1364 1200 1447 1258 ire
1475 1200 1736 1275 rapique,
2183 1214 2276 1269 275

465 1292 659 1350 donec
689 1311 821 1350 eam
848 1291 1153 1350 refrenavit
1180 1308 1287 1366 per
1313 1292 1579 1350 membra
1603 1290 1887 1349 voluntas.

465 1383 658 1441 iamne
687 1382 850 1441 vides
878 1382 1064 1458 igitur,
1094 1399 1456 1457 quamquam
1483 1382 1568 1439 vis
1596 1389 1794 1439 extera
1822 1380 2036 1439 multos

465 1474 641 1548 pellat
671 1483 730 1532 et
758 1474 968 1532 invitos
996 1483 1170 1550 cogat
1198 1472 1524 1549 procedere
1552 1490 1730 1547 saepe

465 1564 927 1639 praecipitesque
957 1564 1099 1639 rapi,
1128 1574 1330 1623 tamen
1358 1581 1489 1622 esse
1518 1563 1578 1620 in
1606 1571 1847 1637 pectore
1876 1570 2077 1620 nostro

466 1653 747 1729 quiddam
777 1654 941 1730 quod
969 1664 1174 1713 contra
1201 1672 1463 1730 pugnare
1492 1654 1840 1728 obstareque
1870 1652 2096 1728 possit?
2181 1658 2280 1708 280

465 1746 630 1803 cuius
660 1744 737 1802 ad
766 1744 1060 1803 arbitrium
1092 1762 1331 1820 quoque
1361 1744 1536 1819 copia
1564 1744 1824 1801 materiai

464 1836 692 1909 cogitur
716 1834 1008 1892 interdum
1038 1835 1193 1893 flecti
1220 1853 1326 1910 per
1352 1835 1616 1893 membra
1642 1853 1749 1909 per
1776 1843 1929 1892 artus

464 1935 523 1983 et
551 1926 810 1999 proiecta
836 1925 1152 1983 refrenatur
1178 1934 1449 2000 retroque
1477 1924 1696 1983 residit.

465 2034 642 2089 quare
671 2016 731 2073 in
761 2015 1077 2074 seminibus
1106 2034 1342 2090 quoque
1371 2015 1533 2073 idem
1562 2016 1774 2073 fateare
1803 2022 2116 2086 necessest,

465 2124 591 2164 esse
620 2100 791 2163 aliam
820 2115 1047 2180 praeter
1073 2106 1272 2181 plagas
1301 2115 1360 2163 et
1387 2105 1655 2180 pondera
1675 2123 1920 2189 causam
1985 2105 1992 2113 '
2183 2112 2276 2176 285

465 2197 736 2269 motibus,
766 2196 925 2254 unde
953 2197 1101 2255 haec
1128 2206 1217 2255 est
1244 2197 1415 2255 nobis
1445 2196 1645 2254 innata
1672 2206 1951 2272 potestaS‚

464 2287 539 2345 de
569 2288 690 2345 nilo
718 2288 998 2389 quoniam
1023 2286 1149 2345 fieri
1176 2287 1257 2344 nil
1286 2305 1460 2361 posse
1487 2285 1775 2346 videmus,

464 2377 697 2453 pondus
728 2378 883 2436 enim
912 2378 1184 2453 prohibet
1213 2395 1288 2435 ne
1317 2377 1503 2453 plagis
1532 2377 1732 2453 omnia
1759 2377 1902 2435 fiant

463 2479 703 2526 externa
730 2468 895 2543 quasi
922 2468 1020 2540 vi;
1064 2466 1170 2526 sed
1198 2486 1273 2525 ne
1302 2486 1470 2525 mens
1499 2468 1627 2543 ipsa
1654 2486 1966 2527 necessum

464 2560 800 2616 intestinum
830 2558 1042 2617 habeat
1070 2558 1294 2616 cunctis
1324 2559 1385 2615 in
1412 2558 1586 2617 rebus
1615 2557 1856 2633 agendis
2184 2578 2280 2631 290

463 2658 523 2706 et
550 2647 783 2706 devicta
809 2648 974 2723 quasi
1002 2648 1118 2705 hoc
1146 2658 1389 2723 cogatur
1418 2648 1564 2706 ferre
1593 2648 1853 2723 patique,

463 2738 524 2797 id
552 2738 691 2797 facit
712 2739 991 2843 'exiguum
1018 2739 1309 2797 clinamen
1336 2739 1754 2814 principiorum

464 2848 575 2888 nec
603 2830 843 2907 regione
872 2830 988 2888 loci
1018 2840 1177 2888 certa
1204 2848 1317 2887 nec
1346 2839 1613 2905 tempore
1643 2838 1825 2888 certo·

546 2921 677 2978 Nec
706 2921 912 2995 stipata
940 2921 1123 2995 magis
1152 2921 1257 2978 fuit
1287 2939 1568 2994 umquam
1599 2919 1860 2978 materiai

465 3012 638 3085 copia
665 3028 777 3068 nec
806 3028 981 3085 porro
1011 3011 1323 3069 maioribus
1353 3011 1700 3068 intervallis·
1685 3054 1702 3082 ,
2184 3028 2278 3084 295

464 3119 598 3157 nam
630 3118 824 3174 neque
852 3099 1189 3175 adaugescit
1218 3101 1534 3174 quicquam
1564 3118 1758 3174 neque
1787 3098 2017 3175 deperit
2043 3099 2207 3160 inde.

464 3200 820 3266 quapropter
846 3209 967 3292 quo
995 3208 1154 3247 nunc
1183 3190 1242 3247 in
1273 3200 1437 3248 motu
1465 3191 1885 3265 principiorum

464 3299 712 3356 corpora
738 3289 891 3352 sunt,
919 3281 982 3337 in
1009 3280 1222 3338 eodem
1254 3290 1388 3338 ante
1417 3291 1548 3338 acta
1575 3289 1763 3338 aetate
1793 3281 1954 3339 fuere

466 3382 524 3431 et
551 3382 686 3447 post
714 3372 862 3429 haec
892 3389 1124 3445 semper
1151 3371 1321 3429 simili
1349 3372 1573 3428 ratione
1601 3371 1875 3446 ferentur,

466 3472 524 3520 et
552 3480 703 3537 quae
732 3462 1067 3520 consuerint
1096 3462 1253 3536 gigni
1279 3462 1590 3536 gignentur
1616 3461 1828 3519 eadem
2181 3483 2284 3534 300

465 3552 819 3611 condicione
850 3562 908 3610 et
936 3561 1105 3609 erunt
1134 3561 1193 3609 et
1220 3560 1488 3609 crescent
1514 3552 1688 3627 vique
1717 3553 2010 3625 valebunt,
