2784 3992
533 263 617 348 '1.]
1031 275 1140 331 DE
1192 274 1489 332 RERUM
1543 275 1885 333 NATURA
2313 275 2353 347 7

535 441 847 520 gignundis
877 459 911 500 e
940 460 1057 516 qua
1068 450 1327 520 ,constan
1342 441 1486 516 quid
1512 451 1712 518 posset
1741 443 1919 500 oriri?

535 535 616 591 nil
642 535 812 609 igitur
839 533 963 591 fieri
991 532 1067 590 de
1097 533 1215 590 nilo
1243 550 1417 607 posse
1447 532 1819 605 fatendumst,
2258 555 2347 607 205

535 625 758 682 semine
787 622 1026 698 quando
1055 642 1202 699 opus
1231 633 1318 680 est
1344 623 1517 681 rebus
1544 641 1665 698 quo
1694 641 1963 698 quaeque
1993 632 2223 683 creatae

535 716 682 772 aeris
713 716 772 771 in
800 724 1026 772 teneras
1055 715 1280 790 possint
1306 714 1613 789 proferrier
1640 733 1825 773 auras,

535 815 834 881 postremo
863 805 1143 879 quoniam
1165 804 1394 862 incultis
1423 814 1714 879 praestare
1742 806 2013 864 videmus

535 897 690 953 culta
715 896 848 953 loca
875 905 934 952 et
963 896 1230 954 manibus
1259 894 1515 952 melioris
1541 896 1787 954 reddere
1817 898 1985 969 fetus,
2360 949 2365 952 .

533 1004 660 1044 esse
690 985 963 1043 videlicet
990 986 1050 1043 in
1078 986 1239 1043 terris
1267 985 1587 1060 primordia
1612 1005 1805 1046 rerum
2253 1007 2348 1043 210

533 1095 684 1151 quae
713 1095 822 1134 nos
851 1075 1134 1134 fecundas
1160 1085 1453 1137 vertentes
1478 1095 1715 1136 vomere
1743 1078 1941 1154 glebas

533 1167 820 1241 terraique
851 1167 1040 1224 solum
1069 1167 1405 1242 subigentes
1432 1169 1619 1228 cimus
1646 1168 1725 1226 ad
1752 1179 1929 1227 ortuS.

532 1256 698 1332 quod
725 1257 775 1315 si
802 1257 960 1314 nulla
987 1257 1196 1329 forent,
1226 1268 1428 1317 nostro
1457 1260 1583 1317 sine
1612 1277 1881 1334 quaeque
1911 1260 2109 1318 labore

531 1356 742 1424 sponte
771 1364 878 1405 sua
904 1348 1086 1405 multo
1115 1348 1240 1406 fieri
1267 1349 1509 1407 meliora
1533 1349 1778 1409 videres.

613 1439 757 1496 Huc
784 1437 1018 1496 accedit
1043 1439 1129 1498 uti
1156 1440 1414 1514 quicque
1442 1441 1503 1497 in
1533 1459 1637 1498 sua
1664 1459 1913 1516 corpora
1939 1461 2165 1503 rursum
2254 1463 2347 1518 ²15

530 1528 814 1588 dissoluat
838 1538 1045 1588 natura
1073 1549 1265 1605 neque
1293 1529 1372 1588 ad
1400 1531 1584 1589 nilum
1613 1531 1918 1590 interemat
1944 1551 2054 1592 res.

530 1639 670 1679 nam
697 1621 894 1697 siquid
921 1621 1163 1679 mortale
1191 1639 1225 1679 e
1254 1622 1481 1680 cunctis
1510 1623 1768 1697 partibus
1798 1632 1968 1696 esset,

531 1732 606 1772 ex
633 1713 818 1774 oculis
845 1729 938 1770 res
965 1730 1234 1787 quaeque
1262 1722 1505 1786 repente
1536 1722 1736 1787 erepta
1762 1715 1993 1788 periret.

530 1805 688 1862 nulla
714 1805 768 1861 vi
799 1803 949 1860 soret
976 1822 1112 1862 usus
1142 1804 1296 1861 enim
1330 1821 1484 1877 quae
1512 1803 1771 1878 partibus
1800 1804 1923 1862 eius

529 1892 847 1950 discidium
875 1910 1078 1968 parere
1107 1903 1168 1952 et
1195 1913 1379 1952 nexus
1410 1894 1705 1951 exsolvere
1734 1903 1951 1968 posset.
2251 1917 2347 1953 220

528 1982 696 2056 quod
724 2002 900 2056 nune,
931 1995 1170 2042 aeterno
1198 1985 1336 2059 quia
1363 1993 1634 2041 constant
1662 1985 1885 2042 semine
1916 2003 2205 2060 quaeque,

529 2071 727 2131 donec
756 2074 841 2131 vis
870 2073 1016 2132 obiit
1043 2092 1194 2148 quae
1222 2074 1314 2132 res
1342 2074 1669 2131 diverberet
1697 2073 1817 2133 ictu

529 2174 631 2222 aut
659 2165 814 2222 intus
841 2174 1110 2239 penetret
1135 2182 1242 2239 per
1269 2165 1463 2222 inania
1490 2163 1907 2239 dissoluatque,

529 2254 744 2312 nullius
773 2255 1013 2313 exitium
1040 2255 1256 2329 patitur
1281 2263 1487 2312 natura
1514 2253 1716 2313 videri.

528 2355 834 2420 praeterea
860 2362 1268 2420 quaecumque
1296 2353 1581 2402 vetustate
1612 2353 1847 2403 amovet
1874 2356 2054 2418 aetaS‚
2257 2367 2349 2420 225

529 2437 578 2494 si
606 2437 840 2511 penitus
867 2436 1116 2511 peremit
1143 2453 1498 2493 consumens
1527 2437 1825 2494 materiem
1857 2455 2117 2508 omnem,

529 2526 693 2585 unde
722 2527 969 2584 animale
997 2528 1182 2601 'genus
1212 2527 1532 2601 generatim
1562 2527 1623 2583 in
1651 2527 1871 2584 lumina
1896 2529 2049 2586 vitae

531 2616 806 2675 redducit
831 2617 1050 2690 Venus,
1081 2626 1182 2674 aut
1208 2615 1563 2674 redductum
1592 2617 1839 2675 daedala
1866 2618 2033 2676 tellus

531 2707 693 2766 unde
722 2707 821 2764 alit
848 2716 1024 2781 atque
1054 2717 1228 2782 auget
1256 2709 1578 2782 generatim
1606 2708 1820 2783 pabula
1847 2708 2176 2782 praebens?

533 2797 692 2855 unde
722 2815 880 2854 mare
910 2798 1182 2872 ingenuei
1209 2799 1400 2856 fontes
1430 2808 1783 2872 externaque
1811 2799 1984 2873 longe
2260 2819 2354 2870 230

534 2888 777 2946 flumina
805 2887 1226 2962 suppeditant?
1265 2888 1427 2946 unde
1456 2888 1658 2946 aether
1684 2887 1876 2946 sidera
1902 2889 2132 2962 pascit?

535 2980 734 3036 omnia
761 2979 920 3036 enim
949 2963 1144 3048 debet,
1177 2979 1405 3036 mortali
1432 2995 1677 3053 corpore
1708 2997 1858 3052 quae
1889 2989 2041 3050 sunt,
2140 3029 2143 3033 .

537 3069 762 3127 infinita
789 3079 948 3127 aetas
976 3087 1332 3148 consumpse
1363 3079 1632 3126 anteacta
1661 3069 1924 3143 diesque.

539 3159 702 3234 quod
730 3160 779 3218 si
807 3159 868 3216 in
895 3177 969 3217 eo
997 3159 1187 3234 spatio
1215 3170 1389 3233 atque
1421 3169 1689 3216 anteacta
1716 3169 1905 3217 aetate
1934 3161 2093 3218 fuere

542 3267 574 3308 e
601 3250 812 3326 quibus
841 3249 986 3307 haec
1015 3268 1207 3307 rerum
1236 3251 1499 3307 consistit
1528 3269 1756 3321 summa
1782 3251 2018 3322 refecta,
2260 3269 2349 3321 ²35

543 3340 830 3399 inmortali
857 3350 992 3398 sunt
1021 3350 1225 3398 natura
1251 3339 1517 3415 praedita
1545 3351 1721 3410 certe,

545 3431 683 3492 haut
709 3432 880 3508 igitur
905 3440 1150 3506 possunt
1178 3431 1255 3488 ad
1284 3432 1465 3488 nilum
1498 3449 1767 3505 quaeque
1796 3431 2019 3490 reverti.

550 3523 800 3598 denique
828 3541 920 3581 res
947 3523 1139 3580 omnis
1168 3521 1377 3579 eadem
1408 3522 1492 3578 vis
1521 3539 1813 3594 causaque
1842 3521 2015 3594 volgo
