2784 3992
441 299 465 345 1
485 299 559 347 12
1095 295 1562 349 LUCRETms
2112 296 2248 367 [lv.

429 465 488 515 at
515 455 816 515 conlectus
843 474 1033 533 aquae
1060 454 1309 531 digitum
1340 472 1462 513 non
1489 454 1656 514 altior
1683 476 1885 532 unum,
1953 470 1970 489 ·

430 548 531 622 qui
557 547 783 622 lapides
810 548 960 605 inter
987 547 1133 607 sistit
1161 564 1267 621 per
1294 555 1472 604 strata
1498 546 1737 618 viarum,
2154 566 2252 621 415

429 636 778 712 despectum
807 638 1049 712 praebet
1076 637 1185 695 sub
1212 646 1391 694 terras
1421 636 1621 711 inpete
1652 647 1831 713 tant0‚

429 747 465 786 a
492 728 655 786 terris
686 738 967 801 quantum
999 728 1146 785 caeli
1175 737 1337 801 patet
1364 728 1512 785 altus
1541 727 1729 785 hiatus
1752 747 1773 801 3

427 819 627 877 nubila
655 818 941 893 dispicere
972 827 1031 875 et
1059 818 1287 874 caelum
1315 827 1380 875 ut
1408 816 1641 876 videare
1669 816 1871 877 videre

429 918 625 967 cetera
652 908 921 966 mirando
950 908 1058 966 sub
1088 917 1265 965 terras
1293 906 1496 965 abdita
1522 907 1710 968 caelo.

429 1000 685 1074 denique
716 1000 815 1057 ubi
844 999 904 1056 in
933 998 1131 1056 medio
1160 998 1330 1057 nobis
1359 1016 1501 1057 ecus
1530 1017 1667 1056 acer
1693 998 1962 1057 obhaesit
2158 1018 2257 1065 420

428 1090 666 1147 flumine
696 1100 755 1147 et
783 1090 843 1147 in
871 1088 1103 1164 rapidas
1133 1089 1320 1146 amnis
1348 1087 1728 1163 despeximus
1756 1088 1965 1163 undaS,

428 1181 629 1239 stantis
658 1181 794 1255 equi
823 1198 1036 1255 corpus
1065 1174 1455 1237 transversum
1484 1180 1629 1237 ferre
1656 1179 1890 1238 videtur

427 1271 511 1329 vis
540 1280 599 1329 et
626 1272 687 1329 in
714 1269 1021 1328 adversum
1052 1270 1269 1328 flumen
1297 1266 1648 1328 ¹contrudere
1677 1270 1906 1346 raptim,

428 1371 488 1419 et
515 1379 891 1436 quocumque
920 1361 1124 1419 oculos
1152 1360 1484 1419 traiecimus
1512 1362 1711 1418 omnia
1738 1360 1873 1419 ferri

429 1461 488 1509 et
515 1452 691 1510 fluere
720 1452 969 1510 adsimili
997 1452 1169 1509 nobis
1197 1451 1422 1525 ratione
1450 1449 1738 1510 videntur.
2152 1469 2250 1523 425

428 1543 685 1618 porticus
713 1542 943 1617 aequali
972 1542 1234 1617 quamvis
1264 1551 1353 1599 est
1382 1540 1646 1617 denique
1675 1540 1858 1599 ductu

428 1643 702 1707 stansque
733 1634 792 1690 in
822 1642 1172 1708 perpetuum
1200 1632 1435 1707 paribus
1464 1632 1696 1690 suffulta
1725 1632 2030 1704 columnis,

391 1730 397 1737 ‘
427 1724 603 1798 longa
629 1732 827 1780 tamen
856 1732 1021 1798 parte
1050 1722 1124 1780 ab
1154 1740 1386 1780 summa
1414 1740 1553 1779 cum
1581 1731 1708 1781 tota
1733 1722 1978 1795 videtur,

428 1814 706 1889 paulatim
734 1814 907 1872 trahit
934 1813 1160 1890 angusti
1188 1812 1414 1887 fastigia
1441 1813 1603 1884 coni,
1972 1888 1982 1897 ἱ

429 1914 586 1961 tecta
614 1905 739 1962 solo
768 1905 1014 1979 iungens
1044 1913 1220 1978 atque
1250 1903 1451 1961 omnia
1479 1903 1723 1961 dextera
1749 1904 1926 1963 laevis
2149 1923 2250 1978 430

430 1993 624 2052 donec
652 1994 711 2051 in
742 1996 1057 2052 obscurum
1088 1994 1225 2052 coni
1254 1992 1543 2051 conduxit
1570 2010 1840 2052 acumen.

428 2086 489 2141 in
516 2085 723 2160 pelago
751 2085 941 2142 nautis
969 2103 1043 2141 ex
1070 2084 1242 2141 undis
1271 2092 1431 2141 ortus
1459 2084 1520 2141 in
1547 2082 1722 2141 undis

429 2175 515 2232 sol
541 2175 607 2233 fit
633 2175 717 2232 uti
743 2174 1009 2232 videatur
1036 2175 1196 2232 obire
1227 2184 1287 2232 et
1314 2173 1575 2233 condere
1606 2174 1803 2233 lumen
1825 2195 1844 2248 ;

430 2266 649 2340 quippe
677 2265 779 2322 ubi
806 2266 887 2322 nil
914 2264 1072 2322 aliud
1101 2266 1211 2322 nisi
1240 2283 1455 2340 aquam
1485 2266 1834 2342 caelumque
1863 2274 2138 2340 tuentur3

429 2374 504 2413 ne
533 2355 731 2413 leviter
758 2355 963 2413 credas
992 2356 1322 2414 labefactari
1350 2355 1613 2431 undique
1642 2375 1863 2417 sensus.
2148 2376 2246 2433 435

429 2456 489 2503 at
515 2446 687 2505 maris
716 2446 925 2521 ignaris
953 2446 1015 2504 in
1042 2456 1213 2521 portu
1243 2446 1456 2504 clauda
1481 2446 1753 2505 videntur

429 2536 655 2612 navigia
681 2537 945 2612 aplustris
974 2537 1166 2594 fractis
1194 2537 1446 2595 obnitier
1473 2537 1686 2597 undae.

430 2646 567 2685 nam
595 2645 1004 2703 quaecumque
1034 2645 1207 2702 supra
1234 2618 1427 2685 rorem
1455 2628 1587 2685 salis
1617 2627 1775 2687 edita
1801 2646 1933 2704 pars
1962 2639 2050 2688 est

429 2736 743 2789 remorum,
772 2728 933 2775 recta
960 2727 1067 2789 est,
1097 2728 1156 2775 et
1183 2728 1344 2777 recta
1371 2736 1624 2793 superne
1653 2720 1947 2794 guberna:

430 2826 581 2883 quae
612 2807 883 2866 demersa
909 2806 1194 2882 liquorem
1225 2809 1466 2880 obeunt,
1497 2798 1740 2867 refracta
1765 2808 2035 2869 videntur
2143 2824 2242 2881 440

354 2904 357 2907 ’
431 2899 630 2956 omnia
658 2899 916 2957 converti
947 2917 1291 2973 sursumque
1322 2899 1532 2973 supina
1557 2900 1764 2958 reverti

430 2999 497 3071 et
515 2989 728 3046 reflexa
754 3007 940 3064 prope
970 2990 1031 3046 in
1060 2978 1291 3048 summo
1321 2989 1542 3047 fluitare
1572 2990 1814 3065 liquore.

428 3098 671 3153 raraque
699 3098 805 3155 per
833 3080 1060 3137 caelum
1090 3098 1227 3137 cum
1255 3080 1413 3139 venti
1442 3080 1640 3137 nubila
1665 3090 1900 3156 portant

430 3180 693 3245 tempore
724 3180 1031 3241 nocturno,
1062 3179 1187 3227 tum
1217 3169 1528 3245 splendida
1555 3171 1718 3246 signa
1746 3171 2017 3229 videntur

431 3261 609 3319 labier
634 3259 944 3319 adversum
972 3260 1201 3318 nimbos
1230 3271 1406 3335 atque
1435 3260 1516 3317 ire
1546 3279 1796 3336 superne
2143 3281 2246 3336 445

431 3352 603 3425 longe
633 3352 805 3409 aliam
833 3352 895 3409 in
922 3361 1148 3427 partem
1178 3369 1247 3408 ac
1275 3369 1412 3408 vera
1439 3351 1662 3409 ratione
1692 3352 1968 3411 feruntur.

430 3452 491 3501 at
518 3442 566 3501 si
594 3442 738 3500 forte
768 3441 942 3501 oculo
969 3460 1177 3499 manus
1204 3441 1306 3499 uni
1333 3441 1567 3500 subdita
1593 3450 1793 3517 supter

430 3535 637 3612 pressit
664 3551 820 3605 eum,
849 3532 1111 3609 quodam
1138 3550 1311 3597 sensu
1339 3531 1406 3590 fit
1431 3532 1515 3589 uti
1542 3532 1848 3601 videantur
