<?xml version="1.0" encoding="UTF-8"?>
<!DOCTYPE html PUBLIC "-//W3C//DTD XHTML 1.0 Transitional//EN"
    "http://www.w3.org/TR/xhtml1/DTD/xhtml1-transitional.dtd">
<html xmlns="http://www.w3.org/1999/xhtml" xml:lang="en" lang="en">
 <head>
  <title>
</title>
<meta http-equiv="Content-Type" content="text/html;charset=utf-8" />
  <meta name='ocr-system' content='tesseract 3.04.00' />
  <meta name='ocr-capabilities' content='ocr_page ocr_carea ocr_par ocr_line ocrx_word'/>
</head>
<body>
  <div class='ocr_page' id='page_1' title='image "./tlucreticarider06unkngoog_0212.png"; bbox 0 0 2784 3992; ppageno 0'>
   <div class='ocr_carea' id='block_1_1' title="bbox 558 323 2353 396">
    <p class='ocr_par' dir='ltr' id='par_1_1' title="bbox 558 323 2353 396">
     <span class='ocr_line' id='line_1_1' title="bbox 558 323 2353 396; baseline 0.002 -23"><span class='ocrx_word' id='word_1_1' title='bbox 558 328 578 373; x_wconf 83' lang='grc' dir='ltr'><strong><em>ι</em></strong></span> <span class='ocrx_word' id='word_1_2' title='bbox 595 325 677 391; x_wconf 80' lang='lat'><strong>50</strong></span> <span class='ocrx_word' id='word_1_3' title='bbox 1215 324 1681 380; x_wconf 72' lang='lat' dir='ltr'><strong>LUCRETms</strong></span> <span class='ocrx_word' id='word_1_4' title='bbox 2254 323 2353 396; x_wconf 89' lang='lat' dir='ltr'><strong>[v.</strong></span> 
     </span>
    </p>
   </div>
   <div class='ocr_carea' id='block_1_2' title="bbox 520 486 2356 3551">
    <p class='ocr_par' dir='ltr' id='par_1_2' title="bbox 546 486 1956 563">
     <span class='ocr_line' id='line_1_2' title="bbox 546 486 1956 563; baseline 0.001 -20"><span class='ocrx_word' id='word_1_5' title='bbox 546 486 825 563; x_wconf 80' lang='lat' dir='ltr'><strong>diffugere</strong></span> <span class='ocrx_word' id='word_1_6' title='bbox 854 486 995 545; x_wconf 90' lang='lat' dir='ltr'><strong>inde</strong></span> <span class='ocrx_word' id='word_1_7' title='bbox 1023 486 1137 546; x_wconf 86' lang='lat' dir='ltr'><strong>loci</strong></span> <span class='ocrx_word' id='word_1_8' title='bbox 1166 496 1359 563; x_wconf 91' lang='lat' dir='ltr'><strong>partes</strong></span> <span class='ocrx_word' id='word_1_9' title='bbox 1389 505 1642 562; x_wconf 88' lang='lat' dir='ltr'><strong>coepere</strong></span> <span class='ocrx_word' id='word_1_10' title='bbox 1669 504 1956 562; x_wconf 87' lang='lat' dir='ltr'><strong>paresque</strong></span> 
     </span>
    </p>

    <p class='ocr_par' dir='ltr' id='par_1_3' title="bbox 542 577 2352 831">
     <span class='ocr_line' id='line_1_3' title="bbox 544 577 2018 653; baseline 0 -19"><span class='ocrx_word' id='word_1_11' title='bbox 544 596 680 635; x_wconf 90' lang='lat' dir='ltr'><strong>cum</strong></span> <span class='ocrx_word' id='word_1_12' title='bbox 711 577 946 653; x_wconf 88' lang='lat' dir='ltr'><strong>paribus</strong></span> <span class='ocrx_word' id='word_1_13' title='bbox 975 578 1133 653; x_wconf 85' lang='lat' dir='ltr'><strong>iungi</strong></span> <span class='ocrx_word' id='word_1_14' title='bbox 1160 596 1253 636; x_wconf 89' lang='lat' dir='ltr'><strong>res</strong></span> <span class='ocrx_word' id='word_1_15' title='bbox 1281 588 1342 637; x_wconf 90' lang='lat' dir='ltr'><strong>et</strong></span> <span class='ocrx_word' id='word_1_16' title='bbox 1369 577 1700 636; x_wconf 88' lang='lat' dir='ltr'>discludere</span> <span class='ocrx_word' id='word_1_17' title='bbox 1729 577 2018 636; x_wconf 89' lang='lat' dir='ltr'><strong>mundum</strong></span> 
     </span>
     <span class='ocr_line' id='line_1_4' title="bbox 544 668 2352 745; baseline 0.001 -20"><span class='ocrx_word' id='word_1_18' title='bbox 544 670 924 744; x_wconf 88' lang='lat' dir='ltr'><strong>membraque</strong></span> <span class='ocrx_word' id='word_1_19' title='bbox 954 668 1215 727; x_wconf 87' lang='lat' dir='ltr'><strong>dividere</strong></span> <span class='ocrx_word' id='word_1_20' title='bbox 1244 679 1304 727; x_wconf 92' lang='lat' dir='ltr'><strong>et</strong></span> <span class='ocrx_word' id='word_1_21' title='bbox 1331 684 1574 745; x_wconf 87' lang='lat' dir='ltr'><strong>magnas</strong></span> <span class='ocrx_word' id='word_1_22' title='bbox 1601 668 1914 743; x_wconf 86' lang='lat' dir='ltr'>disponere</span> <span class='ocrx_word' id='word_1_23' title='bbox 1943 677 2155 743; x_wconf 82' lang='lat' dir='ltr'><strong>parteS,</strong></span> <span class='ocrx_word' id='word_1_24' title='bbox 2260 687 2352 738; x_wconf 87' lang='grc'><strong>445</strong></span> 
     </span>
     <span class='ocr_line' id='line_1_5' title="bbox 542 759 1863 831; baseline -0.002 -15"><span class='ocrx_word' id='word_1_25' title='bbox 542 759 658 817; x_wconf 94' lang='lat' dir='ltr'><strong>hoc</strong></span> <span class='ocrx_word' id='word_1_26' title='bbox 686 768 791 829; x_wconf 92' lang='lat' dir='ltr'><strong>est,</strong></span> <span class='ocrx_word' id='word_1_27' title='bbox 821 778 856 816; x_wconf 91' lang='lat' dir='ltr'><strong>a</strong></span> <span class='ocrx_word' id='word_1_28' title='bbox 882 760 1045 817; x_wconf 89' lang='lat' dir='ltr'><strong>terris</strong></span> <span class='ocrx_word' id='word_1_29' title='bbox 1073 760 1253 817; x_wconf 89' lang='lat' dir='ltr'><strong>altum</strong></span> <span class='ocrx_word' id='word_1_30' title='bbox 1282 778 1587 818; x_wconf 88' lang='lat' dir='ltr'><strong>secernere</strong></span> <span class='ocrx_word' id='word_1_31' title='bbox 1615 759 1863 831; x_wconf 89' lang='lat' dir='ltr'><strong>caelum,</strong></span> 
     </span>
    </p>

    <p class='ocr_par' dir='ltr' id='par_1_4' title="bbox 541 850 1917 925">
     <span class='ocr_line' id='line_1_6' title="bbox 541 850 1917 925; baseline -0.001 -18"><span class='ocrx_word' id='word_1_32' title='bbox 541 859 601 907; x_wconf 92' lang='lat' dir='ltr'><strong>et</strong></span> <span class='ocrx_word' id='word_1_33' title='bbox 628 868 851 908; x_wconf 88' lang='lat' dir='ltr'><strong>sorsum</strong></span> <span class='ocrx_word' id='word_1_34' title='bbox 882 868 1041 908; x_wconf 85' lang='lat' dir='ltr'><strong>mare</strong></span> <span class='ocrx_word' id='word_1_35' title='bbox 1071 850 1154 907; x_wconf 91' lang='lat' dir='ltr'><strong>uti</strong></span> <span class='ocrx_word' id='word_1_36' title='bbox 1182 861 1411 909; x_wconf 88' lang='lat' dir='ltr'><strong>secreto</strong></span> <span class='ocrx_word' id='word_1_37' title='bbox 1439 867 1644 908; x_wconf 90' lang='lat' dir='ltr'><strong>umore</strong></span> <span class='ocrx_word' id='word_1_38' title='bbox 1672 858 1917 925; x_wconf 88' lang='lat' dir='ltr'><strong>pateret,</strong></span> 
     </span>
    </p>

    <p class='ocr_par' dir='ltr' id='par_1_5' title="bbox 540 940 1931 1016">
     <span class='ocr_line' id='line_1_7' title="bbox 540 940 1931 1016; baseline 0 -18"><span class='ocrx_word' id='word_1_39' title='bbox 540 958 767 998; x_wconf 88' lang='lat' dir='ltr'><strong>seorsus</strong></span> <span class='ocrx_word' id='word_1_40' title='bbox 796 940 936 999; x_wconf 90' lang='lat' dir='ltr'><strong>item</strong></span> <span class='ocrx_word' id='word_1_41' title='bbox 964 941 1091 1016; x_wconf 92' lang='lat' dir='ltr'><strong>puri</strong></span> <span class='ocrx_word' id='word_1_42' title='bbox 1121 941 1447 1015; x_wconf 88' lang='lat' dir='ltr'><strong>secretique</strong></span> <span class='ocrx_word' id='word_1_43' title='bbox 1476 940 1724 999; x_wconf 89' lang='lat' dir='ltr'><strong>aetheris</strong></span> <span class='ocrx_word' id='word_1_44' title='bbox 1751 940 1931 1015; x_wconf 77' lang='lat' dir='ltr'><strong>ignes,</strong></span> 
     </span>
    </p>

    <p class='ocr_par' dir='ltr' id='par_1_6' title="bbox 520 1031 2356 3551">
     <span class='ocr_line' id='line_1_8' title="bbox 620 1031 2178 1111; baseline 0.001 -24"><span class='ocrx_word' id='word_1_45' title='bbox 620 1031 859 1105; x_wconf 87' lang='lat' dir='ltr'><strong>Quippe</strong></span> <span class='ocrx_word' id='word_1_46' title='bbox 888 1031 1107 1089; x_wconf 87' lang='lat' dir='ltr'><strong>etenim</strong></span> <span class='ocrx_word' id='word_1_47' title='bbox 1135 1032 1386 1106; x_wconf 88' lang='lat' dir='ltr'><strong>primum</strong></span> <span class='ocrx_word' id='word_1_48' title='bbox 1417 1032 1586 1089; x_wconf 89' lang='lat' dir='ltr'><strong>terrai</strong></span> <span class='ocrx_word' id='word_1_49' title='bbox 1613 1048 1863 1111; x_wconf 87' lang='lat' dir='ltr'><strong>corpora</strong></span> <span class='ocrx_word' id='word_1_50' title='bbox 1889 1047 2178 1105; x_wconf 88' lang='lat' dir='ltr'><strong>quaeque,</strong></span> 
     </span>
     <span class='ocr_line' id='line_1_9' title="bbox 538 1121 2356 1198; baseline 0.001 -21"><span class='ocrx_word' id='word_1_51' title='bbox 538 1131 848 1195; x_wconf 89' lang='lat' dir='ltr'><strong>propterea</strong></span> <span class='ocrx_word' id='word_1_52' title='bbox 875 1121 1041 1196; x_wconf 90' lang='lat' dir='ltr'><strong>quod</strong></span> <span class='ocrx_word' id='word_1_53' title='bbox 1070 1132 1236 1180; x_wconf 90' lang='lat' dir='ltr'><strong>erant</strong></span> <span class='ocrx_word' id='word_1_54' title='bbox 1261 1122 1456 1198; x_wconf 85' lang='lat' dir='ltr'><strong>gravia</strong></span> <span class='ocrx_word' id='word_1_55' title='bbox 1483 1130 1544 1179; x_wconf 91' lang='lat' dir='ltr'><strong>et</strong></span> <span class='ocrx_word' id='word_1_56' title='bbox 1570 1122 1867 1197; x_wconf 89' lang='lat' dir='ltr'><strong>perplexa,</strong></span> <span class='ocrx_word' id='word_1_57' title='bbox 1897 1122 2136 1179; x_wconf 88' lang='lat' dir='ltr'><strong>coibant</strong></span> <span class='ocrx_word' id='word_1_58' title='bbox 2259 1144 2290 1190; x_wconf 84' lang='lat'>4</span> <span class='ocrx_word' id='word_1_59' title='bbox 2294 1140 2356 1191; x_wconf 84' lang='lat'><strong>50</strong></span> 
     </span>
     <span class='ocr_line' id='line_1_10' title="bbox 538 1211 2012 1288; baseline 0.001 -19"><span class='ocrx_word' id='word_1_60' title='bbox 538 1212 599 1269; x_wconf 90' lang='lat' dir='ltr'><strong>in</strong></span> <span class='ocrx_word' id='word_1_61' title='bbox 627 1211 825 1270; x_wconf 92' lang='lat' dir='ltr'><strong>medio</strong></span> <span class='ocrx_word' id='word_1_62' title='bbox 854 1222 1029 1288; x_wconf 91' lang='lat' dir='ltr'><strong>atque</strong></span> <span class='ocrx_word' id='word_1_63' title='bbox 1058 1213 1203 1271; x_wconf 83' lang='lat' dir='ltr'><strong>imas</strong></span> <span class='ocrx_word' id='word_1_64' title='bbox 1232 1213 1544 1288; x_wconf 86' lang='lat' dir='ltr'><strong>capiebant</strong></span> <span class='ocrx_word' id='word_1_65' title='bbox 1572 1212 1775 1270; x_wconf 87' lang='lat' dir='ltr'><strong>omnia</strong></span> <span class='ocrx_word' id='word_1_66' title='bbox 1802 1212 1974 1271; x_wconf 90' lang='lat' dir='ltr'><strong>sedes</strong></span> <span class='ocrx_word' id='word_1_67' title='bbox 1995 1232 2012 1284; x_wconf 85' lang='lat'>3</span> 
     </span>
     <span class='ocr_line' id='line_1_11' title="bbox 537 1303 2011 1380; baseline 0.001 -20"><span class='ocrx_word' id='word_1_68' title='bbox 537 1320 689 1377; x_wconf 89' lang='lat' dir='ltr'><strong>quae</strong></span> <span class='ocrx_word' id='word_1_69' title='bbox 718 1312 940 1379; x_wconf 89' lang='lat' dir='ltr'><strong>quanto</strong></span> <span class='ocrx_word' id='word_1_70' title='bbox 970 1305 1153 1380; x_wconf 87' lang='lat' dir='ltr'><strong>magis</strong></span> <span class='ocrx_word' id='word_1_71' title='bbox 1180 1305 1331 1362; x_wconf 90' lang='lat' dir='ltr'><strong>inter</strong></span> <span class='ocrx_word' id='word_1_72' title='bbox 1356 1322 1419 1363; x_wconf 91' lang='lat' dir='ltr'><strong>se</strong></span> <span class='ocrx_word' id='word_1_73' title='bbox 1447 1303 1728 1379; x_wconf 90' lang='lat' dir='ltr'><strong>perplexa</strong></span> <span class='ocrx_word' id='word_1_74' title='bbox 1755 1303 2011 1376; x_wconf 89' lang='lat' dir='ltr'><strong>coibant,</strong></span> 
     </span>
     <span class='ocr_line' id='line_1_12' title="bbox 536 1394 2137 1471; baseline 0.001 -20"><span class='ocrx_word' id='word_1_75' title='bbox 536 1404 656 1451; x_wconf 88' lang='lat' dir='ltr'><strong>tam</strong></span> <span class='ocrx_word' id='word_1_76' title='bbox 686 1396 870 1471; x_wconf 86' lang='lat' dir='ltr'><strong>magis</strong></span> <span class='ocrx_word' id='word_1_77' title='bbox 898 1413 1235 1471; x_wconf 84' lang='lat' dir='ltr'><strong>expressere</strong></span> <span class='ocrx_word' id='word_1_78' title='bbox 1265 1413 1336 1454; x_wconf 88' lang='lat' dir='ltr'><strong>ea</strong></span> <span class='ocrx_word' id='word_1_79' title='bbox 1363 1413 1517 1470; x_wconf 90' lang='lat' dir='ltr'><strong>quae</strong></span> <span class='ocrx_word' id='word_1_80' title='bbox 1545 1413 1706 1453; x_wconf 89' lang='lat' dir='ltr'><strong>mare</strong></span> <span class='ocrx_word' id='word_1_81' title='bbox 1736 1394 1928 1453; x_wconf 87' lang='lat' dir='ltr'><strong>sidera</strong></span> <span class='ocrx_word' id='word_1_82' title='bbox 1955 1395 2137 1453; x_wconf 90' lang='lat' dir='ltr'><strong>solem</strong></span> 
     </span>
     <span class='ocr_line' id='line_1_13' title="bbox 535 1484 2012 1561; baseline 0 -19"><span class='ocrx_word' id='word_1_83' title='bbox 535 1484 849 1560; x_wconf 88' lang='lat' dir='ltr'><strong>lunamque</strong></span> <span class='ocrx_word' id='word_1_84' title='bbox 880 1486 1180 1545; x_wconf 88' lang='lat' dir='ltr'><strong>efficerent</strong></span> <span class='ocrx_word' id='word_1_85' title='bbox 1207 1496 1267 1544; x_wconf 90' lang='lat' dir='ltr'><strong>et</strong></span> <span class='ocrx_word' id='word_1_86' title='bbox 1296 1486 1490 1561; x_wconf 85' lang='lat' dir='ltr'><strong>magni</strong></span> <span class='ocrx_word' id='word_1_87' title='bbox 1523 1485 1758 1544; x_wconf 90' lang='lat' dir='ltr'><strong>moenia</strong></span> <span class='ocrx_word' id='word_1_88' title='bbox 1785 1484 2012 1543; x_wconf 89' lang='lat' dir='ltr'><strong>mundi.</strong></span> 
     </span>
     <span class='ocr_line' id='line_1_14' title="bbox 535 1575 2350 1652; baseline -0.001 -19"><span class='ocrx_word' id='word_1_89' title='bbox 535 1577 735 1634; x_wconf 88' lang='lat' dir='ltr'><strong>omnia</strong></span> <span class='ocrx_word' id='word_1_90' title='bbox 763 1576 921 1635; x_wconf 89' lang='lat' dir='ltr'><strong>enim</strong></span> <span class='ocrx_word' id='word_1_91' title='bbox 953 1578 1137 1652; x_wconf 86' lang='lat' dir='ltr'><strong>magis</strong></span> <span class='ocrx_word' id='word_1_92' title='bbox 1166 1576 1313 1635; x_wconf 89' lang='lat' dir='ltr'><strong>haec</strong></span> <span class='ocrx_word' id='word_1_93' title='bbox 1342 1594 1377 1635; x_wconf 94' lang='lat' dir='ltr'><strong>e</strong></span> <span class='ocrx_word' id='word_1_94' title='bbox 1407 1576 1629 1634; x_wconf 88' lang='lat' dir='ltr'><strong>levibus</strong></span> <span class='ocrx_word' id='word_1_95' title='bbox 1658 1585 1834 1650; x_wconf 89' lang='lat' dir='ltr'><strong>atque</strong></span> <span class='ocrx_word' id='word_1_96' title='bbox 1865 1575 2132 1633; x_wconf 89' lang='lat' dir='ltr'><strong>rutundis</strong></span> <span class='ocrx_word' id='word_1_97' title='bbox 2259 1594 2350 1646; x_wconf 83' lang='lat'><strong>455</strong></span> 
     </span>
     <span class='ocr_line' id='line_1_15' title="bbox 534 1666 2028 1742; baseline 0.001 -19"><span class='ocrx_word' id='word_1_98' title='bbox 534 1666 852 1725; x_wconf 88' lang='lat' dir='ltr'><strong>seminibus</strong></span> <span class='ocrx_word' id='word_1_99' title='bbox 882 1668 1185 1742; x_wconf 90' lang='lat' dir='ltr'><strong>multoque</strong></span> <span class='ocrx_word' id='word_1_100' title='bbox 1215 1668 1528 1725; x_wconf 86' lang='lat' dir='ltr'><strong>minoribu&#39;</strong></span> <span class='ocrx_word' id='word_1_101' title='bbox 1559 1676 1692 1724; x_wconf 92' lang='lat' dir='ltr'><strong>sunt</strong></span> <span class='ocrx_word' id='word_1_102' title='bbox 1723 1666 2028 1724; x_wconf 90' lang='lat' dir='ltr'><strong>elementis</strong></span> 
     </span>
     <span class='ocr_line' id='line_1_16' title="bbox 534 1756 1950 1833; baseline 0.001 -19"><span class='ocrx_word' id='word_1_103' title='bbox 534 1774 711 1830; x_wconf 90' lang='lat' dir='ltr'><strong>quam</strong></span> <span class='ocrx_word' id='word_1_104' title='bbox 741 1758 927 1815; x_wconf 80' lang='lat' dir='ltr'><strong>telluS.</strong></span> <span class='ocrx_word' id='word_1_105' title='bbox 959 1756 1115 1828; x_wconf 88' lang='lat' dir='ltr'><strong>ideo,</strong></span> <span class='ocrx_word' id='word_1_106' title='bbox 1146 1776 1252 1833; x_wconf 93' lang='lat' dir='ltr'><strong>per</strong></span> <span class='ocrx_word' id='word_1_107' title='bbox 1278 1776 1404 1815; x_wconf 90' lang='lat' dir='ltr'><strong>rara</strong></span> <span class='ocrx_word' id='word_1_108' title='bbox 1433 1757 1735 1829; x_wconf 88' lang='lat' dir='ltr'><strong>foramina,</strong></span> <span class='ocrx_word' id='word_1_109' title='bbox 1766 1767 1950 1815; x_wconf 89' lang='lat' dir='ltr'><strong>terrae</strong></span> 
     </span>
     <span class='ocr_line' id='line_1_17' title="bbox 532 1848 1961 1923; baseline 0.001 -20"><span class='ocrx_word' id='word_1_110' title='bbox 532 1848 791 1921; x_wconf 85' lang='lat' dir='ltr'><strong>partibus</strong></span> <span class='ocrx_word' id='word_1_111' title='bbox 819 1865 1136 1923; x_wconf 88' lang='lat' dir='ltr'><strong>erumpens</strong></span> <span class='ocrx_word' id='word_1_112' title='bbox 1164 1848 1384 1923; x_wconf 87' lang='lat' dir='ltr'><strong>primus</strong></span> <span class='ocrx_word' id='word_1_113' title='bbox 1415 1865 1478 1906; x_wconf 93' lang='lat' dir='ltr'><strong>se</strong></span> <span class='ocrx_word' id='word_1_114' title='bbox 1507 1848 1733 1906; x_wconf 90' lang='lat' dir='ltr'><strong>sustulit</strong></span> <span class='ocrx_word' id='word_1_115' title='bbox 1761 1848 1961 1906; x_wconf 88' lang='lat' dir='ltr'><strong>aether</strong></span> 
     </span>
     <span class='ocr_line' id='line_1_18' title="bbox 534 1937 1927 2014; baseline 0.003 -22"><span class='ocrx_word' id='word_1_116' title='bbox 534 1937 737 2011; x_wconf 87' lang='lat' dir='ltr'><strong>ignifer</strong></span> <span class='ocrx_word' id='word_1_117' title='bbox 766 1947 825 1995; x_wconf 92' lang='lat' dir='ltr'><strong>et</strong></span> <span class='ocrx_word' id='word_1_118' title='bbox 853 1938 1067 1997; x_wconf 90' lang='lat' dir='ltr'><strong>multos</strong></span> <span class='ocrx_word' id='word_1_119' title='bbox 1096 1956 1301 1997; x_wconf 90' lang='lat' dir='ltr'><strong>secum</strong></span> <span class='ocrx_word' id='word_1_120' title='bbox 1330 1939 1472 1996; x_wconf 86' lang='lat' dir='ltr'><strong>levis</strong></span> <span class='ocrx_word' id='word_1_121' title='bbox 1501 1938 1733 1997; x_wconf 91' lang='lat' dir='ltr'><strong>abstulit</strong></span> <span class='ocrx_word' id='word_1_122' title='bbox 1762 1939 1927 2014; x_wconf 82' lang='lat' dir='ltr'><strong>igniS,</strong></span> 
     </span>
     <span class='ocr_line' id='line_1_19' title="bbox 532 2028 2356 2105; baseline 0.001 -21"><span class='ocrx_word' id='word_1_123' title='bbox 532 2046 653 2085; x_wconf 92' lang='lat' dir='ltr'><strong>non</strong></span> <span class='ocrx_word' id='word_1_124' title='bbox 681 2028 791 2086; x_wconf 90' lang='lat' dir='ltr'><strong>alia</strong></span> <span class='ocrx_word' id='word_1_125' title='bbox 818 2029 992 2105; x_wconf 87' lang='lat' dir='ltr'><strong>longe</strong></span> <span class='ocrx_word' id='word_1_126' title='bbox 1022 2030 1247 2087; x_wconf 87' lang='lat' dir='ltr'><strong>ratione</strong></span> <span class='ocrx_word' id='word_1_127' title='bbox 1275 2047 1346 2087; x_wconf 87' lang='lat' dir='ltr'><strong>ac</strong></span> <span class='ocrx_word' id='word_1_128' title='bbox 1374 2047 1554 2104; x_wconf 90' lang='lat' dir='ltr'><strong>saepe</strong></span> <span class='ocrx_word' id='word_1_129' title='bbox 1582 2028 1869 2102; x_wconf 82' lang='lat' dir='ltr'><strong>videmuS,</strong></span> <span class='ocrx_word' id='word_1_130' title='bbox 2257 2035 2356 2097; x_wconf 84' lang='lat'><strong>460</strong></span> 
     </span>
     <span class='ocr_line' id='line_1_20' title="bbox 530 2119 2060 2195; baseline 0.001 -20"><span class='ocrx_word' id='word_1_131' title='bbox 530 2137 704 2175; x_wconf 90' lang='lat' dir='ltr'><strong>aurea</strong></span> <span class='ocrx_word' id='word_1_132' title='bbox 732 2138 866 2176; x_wconf 88' lang='lat' dir='ltr'><strong>curn</strong></span> <span class='ocrx_word' id='word_1_133' title='bbox 896 2120 1150 2195; x_wconf 89' lang='lat' dir='ltr'><strong>primum</strong></span> <span class='ocrx_word' id='word_1_134' title='bbox 1179 2120 1531 2195; x_wconf 90' lang='lat' dir='ltr'><strong>gemmantis</strong></span> <span class='ocrx_word' id='word_1_135' title='bbox 1558 2138 1688 2178; x_wconf 91' lang='lat' dir='ltr'><strong>rore</strong></span> <span class='ocrx_word' id='word_1_136' title='bbox 1717 2138 1825 2195; x_wconf 88' lang='lat' dir='ltr'><strong>per</strong></span> <span class='ocrx_word' id='word_1_137' title='bbox 1853 2119 2060 2178; x_wconf 87' lang='lat' dir='ltr'><strong>herbas</strong></span> 
     </span>
     <span class='ocr_line' id='line_1_21' title="bbox 530 2209 1695 2268; baseline 0.003 -3"><span class='ocrx_word' id='word_1_138' title='bbox 530 2210 811 2266; x_wconf 85' lang='lat' dir='ltr'><strong>matutina</strong></span> <span class='ocrx_word' id='word_1_139' title='bbox 839 2210 1051 2268; x_wconf 91' lang='lat' dir='ltr'><strong>rubent</strong></span> <span class='ocrx_word' id='word_1_140' title='bbox 1076 2209 1284 2268; x_wconf 88' lang='lat' dir='ltr'><strong>radiati</strong></span> <span class='ocrx_word' id='word_1_141' title='bbox 1310 2210 1533 2267; x_wconf 90' lang='lat' dir='ltr'><strong>lumina</strong></span> <span class='ocrx_word' id='word_1_142' title='bbox 1560 2211 1695 2268; x_wconf 88' lang='lat' dir='ltr'><strong>solis</strong></span> 
     </span>
     <span class='ocr_line' id='line_1_22' title="bbox 530 2299 2053 2376; baseline 0.003 -21"><span class='ocrx_word' id='word_1_143' title='bbox 530 2299 917 2374; x_wconf 88' lang='lat' dir='ltr'><strong>exhalantque</strong></span> <span class='ocrx_word' id='word_1_144' title='bbox 947 2300 1107 2359; x_wconf 88' lang='lat' dir='ltr'><strong>lacus</strong></span> <span class='ocrx_word' id='word_1_145' title='bbox 1136 2301 1409 2358; x_wconf 91' lang='lat' dir='ltr'><strong>nebulam</strong></span> <span class='ocrx_word' id='word_1_146' title='bbox 1439 2300 1715 2375; x_wconf 86' lang='lat' dir='ltr'><strong>fluviique</strong></span> <span class='ocrx_word' id='word_1_147' title='bbox 1743 2317 2053 2376; x_wconf 79' lang='lat' dir='ltr'><strong>perenneS,</strong></span> 
     </span>
     <span class='ocr_line' id='line_1_23' title="bbox 530 2390 1934 2464; baseline 0.002 -19"><span class='ocrx_word' id='word_1_148' title='bbox 530 2390 774 2464; x_wconf 86' lang='lat' dir='ltr'><strong>ipsaque</strong></span> <span class='ocrx_word' id='word_1_149' title='bbox 804 2400 867 2448; x_wconf 91' lang='lat' dir='ltr'><strong>ut</strong></span> <span class='ocrx_word' id='word_1_150' title='bbox 896 2390 1188 2448; x_wconf 89' lang='lat' dir='ltr'><strong>interdum</strong></span> <span class='ocrx_word' id='word_1_151' title='bbox 1218 2392 1384 2451; x_wconf 86' lang='lat' dir='ltr'><strong>tellus</strong></span> <span class='ocrx_word' id='word_1_152' title='bbox 1415 2391 1638 2449; x_wconf 85' lang='lat' dir='ltr'><strong>fumare</strong></span> <span class='ocrx_word' id='word_1_153' title='bbox 1665 2390 1934 2464; x_wconf 83' lang='lat' dir='ltr'><strong>videtur3</strong></span> 
     </span>
     <span class='ocr_line' id='line_1_24' title="bbox 528 2480 2348 2555; baseline 0.002 -19"><span class='ocrx_word' id='word_1_154' title='bbox 528 2480 725 2537; x_wconf 90' lang='lat' dir='ltr'><strong>omnia</strong></span> <span class='ocrx_word' id='word_1_155' title='bbox 753 2497 903 2554; x_wconf 89' lang='lat' dir='ltr'><strong>quae</strong></span> <span class='ocrx_word' id='word_1_156' title='bbox 933 2499 1160 2540; x_wconf 88' lang='lat' dir='ltr'><strong>sursum</strong></span> <span class='ocrx_word' id='word_1_157' title='bbox 1189 2499 1321 2540; x_wconf 88' lang='lat' dir='ltr'><strong>cum</strong></span> <span class='ocrx_word' id='word_1_158' title='bbox 1357 2481 1759 2555; x_wconf 88' lang='lat' dir='ltr'><strong>conciliantur,</strong></span> <span class='ocrx_word' id='word_1_159' title='bbox 1789 2482 1850 2538; x_wconf 90' lang='lat' dir='ltr'><strong>in</strong></span> <span class='ocrx_word' id='word_1_160' title='bbox 1877 2482 1995 2539; x_wconf 92' lang='lat' dir='ltr'><strong>alto</strong></span> <span class='ocrx_word' id='word_1_161' title='bbox 2255 2488 2348 2552; x_wconf 83' lang='grc'><strong>465</strong></span> 
     </span>
     <span class='ocr_line' id='line_1_25' title="bbox 528 2572 1930 2645; baseline 0.003 -19"><span class='ocrx_word' id='word_1_162' title='bbox 528 2589 773 2645; x_wconf 89' lang='lat' dir='ltr'><strong>corpore</strong></span> <span class='ocrx_word' id='word_1_163' title='bbox 803 2581 1086 2629; x_wconf 90' lang='lat' dir='ltr'><strong>concreto</strong></span> <span class='ocrx_word' id='word_1_164' title='bbox 1114 2572 1431 2629; x_wconf 87' lang='lat' dir='ltr'><strong>subtexunt</strong></span> <span class='ocrx_word' id='word_1_165' title='bbox 1457 2572 1657 2629; x_wconf 86' lang='lat' dir='ltr'><strong>nubila</strong></span> <span class='ocrx_word' id='word_1_166' title='bbox 1684 2572 1930 2630; x_wconf 87' lang='lat' dir='ltr'><strong>caelum.</strong></span> 
     </span>
     <span class='ocr_line' id='line_1_26' title="bbox 527 2661 1841 2747; baseline 0.003 -31"><span class='ocrx_word' id='word_1_167' title='bbox 527 2661 609 2747; x_wconf 65' lang='lat' dir='ltr'><strong>sic</strong></span> <span class='ocrx_word' id='word_1_168' title='bbox 640 2662 811 2735; x_wconf 88' lang='lat' dir='ltr'><strong>igitur</strong></span> <span class='ocrx_word' id='word_1_169' title='bbox 838 2670 960 2719; x_wconf 91' lang='lat' dir='ltr'><strong>tum</strong></span> <span class='ocrx_word' id='word_1_170' title='bbox 991 2680 1053 2719; x_wconf 92' lang='lat' dir='ltr'><strong>se</strong></span> <span class='ocrx_word' id='word_1_171' title='bbox 1082 2661 1222 2719; x_wconf 89' lang='lat' dir='ltr'><strong>levis</strong></span> <span class='ocrx_word' id='word_1_172' title='bbox 1249 2679 1321 2719; x_wconf 87' lang='lat' dir='ltr'><strong>ac</strong></span> <span class='ocrx_word' id='word_1_173' title='bbox 1350 2661 1612 2720; x_wconf 88' lang='lat' dir='ltr'><strong>diffusilis</strong></span> <span class='ocrx_word' id='word_1_174' title='bbox 1640 2662 1841 2720; x_wconf 91' lang='lat' dir='ltr'><strong>aether</strong></span> 
     </span>
     <span class='ocr_line' id='line_1_27' title="bbox 526 2751 1986 2827; baseline 0.002 -20"><span class='ocrx_word' id='word_1_175' title='bbox 526 2769 771 2825; x_wconf 90' lang='lat' dir='ltr'><strong>corpore</strong></span> <span class='ocrx_word' id='word_1_176' title='bbox 802 2762 1084 2809; x_wconf 91' lang='lat' dir='ltr'><strong>concreto</strong></span> <span class='ocrx_word' id='word_1_177' title='bbox 1106 2751 1504 2810; x_wconf 87' lang='lat' dir='ltr'><strong>circumdatus</strong></span> <span class='ocrx_word' id='word_1_178' title='bbox 1532 2752 1797 2827; x_wconf 88' lang='lat' dir='ltr'><strong>undique</strong></span> <span class='ocrx_word' id='word_1_179' title='bbox 1827 2752 1986 2811; x_wconf 92' lang='lat' dir='ltr'><strong>flexit</strong></span> 
     </span>
     <span class='ocr_line' id='line_1_28' title="bbox 524 2841 1813 2917; baseline 0.002 -19"><span class='ocrx_word' id='word_1_180' title='bbox 524 2851 584 2899; x_wconf 91' lang='lat' dir='ltr'><strong>et</strong></span> <span class='ocrx_word' id='word_1_181' title='bbox 610 2841 723 2899; x_wconf 90' lang='lat' dir='ltr'><strong>late</strong></span> <span class='ocrx_word' id='word_1_182' title='bbox 754 2841 995 2899; x_wconf 85' lang='lat' dir='ltr'><strong>diffusus</strong></span> <span class='ocrx_word' id='word_1_183' title='bbox 1023 2842 1083 2898; x_wconf 91' lang='lat' dir='ltr'><strong>in</strong></span> <span class='ocrx_word' id='word_1_184' title='bbox 1112 2843 1303 2899; x_wconf 89' lang='lat' dir='ltr'><strong>omnis</strong></span> <span class='ocrx_word' id='word_1_185' title='bbox 1340 2842 1605 2916; x_wconf 90' lang='lat' dir='ltr'><strong>undique</strong></span> <span class='ocrx_word' id='word_1_186' title='bbox 1635 2841 1813 2917; x_wconf 81' lang='lat' dir='ltr'><strong>partis</strong></span> 
     </span>
     <span class='ocr_line' id='line_1_29' title="bbox 524 2931 2346 3008; baseline -0.001 -19"><span class='ocrx_word' id='word_1_187' title='bbox 524 2932 723 2989; x_wconf 88' lang='lat' dir='ltr'><strong>omnia</strong></span> <span class='ocrx_word' id='word_1_188' title='bbox 750 2932 833 2990; x_wconf 93' lang='lat' dir='ltr'><strong>sic</strong></span> <span class='ocrx_word' id='word_1_189' title='bbox 863 2931 1036 2990; x_wconf 90' lang='lat' dir='ltr'><strong>avido</strong></span> <span class='ocrx_word' id='word_1_190' title='bbox 1066 2932 1377 3007; x_wconf 91' lang='lat' dir='ltr'><strong>complexu</strong></span> <span class='ocrx_word' id='word_1_191' title='bbox 1410 2942 1610 2990; x_wconf 90' lang='lat' dir='ltr'><strong>cetera</strong></span> <span class='ocrx_word' id='word_1_192' title='bbox 1638 2933 1871 3008; x_wconf 91' lang='lat' dir='ltr'><strong>saepsit.</strong></span> <span class='ocrx_word' id='word_1_193' title='bbox 2250 2952 2346 3001; x_wconf 88' lang='lat'><strong>470</strong></span> 
     </span>
     <span class='ocr_line' id='line_1_30' title="bbox 524 3021 1847 3097; baseline 0.002 -18"><span class='ocrx_word' id='word_1_194' title='bbox 524 3021 682 3079; x_wconf 90' lang='lat' dir='ltr'><strong>hunc</strong></span> <span class='ocrx_word' id='word_1_195' title='bbox 711 3021 952 3079; x_wconf 89' lang='lat' dir='ltr'><strong>exordia</strong></span> <span class='ocrx_word' id='word_1_196' title='bbox 979 3032 1113 3080; x_wconf 91' lang='lat' dir='ltr'><strong>sunt</strong></span> <span class='ocrx_word' id='word_1_197' title='bbox 1141 3023 1277 3080; x_wconf 91' lang='lat' dir='ltr'><strong>solis</strong></span> <span class='ocrx_word' id='word_1_198' title='bbox 1306 3023 1598 3097; x_wconf 90' lang='lat' dir='ltr'><strong>lunaeque</strong></span> <span class='ocrx_word' id='word_1_199' title='bbox 1628 3033 1847 3093; x_wconf 91' lang='lat' dir='ltr'><strong>secuta,</strong></span> 
     </span>
     <span class='ocr_line' id='line_1_31' title="bbox 522 3111 2050 3187; baseline 0.001 -18"><span class='ocrx_word' id='word_1_200' title='bbox 522 3112 943 3187; x_wconf 88' lang='lat' dir='ltr'><strong>interutrasque</strong></span> <span class='ocrx_word' id='word_1_201' title='bbox 973 3113 1130 3187; x_wconf 90' lang='lat' dir='ltr'><strong>globi</strong></span> <span class='ocrx_word' id='word_1_202' title='bbox 1162 3132 1412 3187; x_wconf 90' lang='lat' dir='ltr'><strong>quorum</strong></span> <span class='ocrx_word' id='word_1_203' title='bbox 1443 3123 1744 3171; x_wconf 89' lang='lat' dir='ltr'><strong>vertuntur</strong></span> <span class='ocrx_word' id='word_1_204' title='bbox 1770 3114 1830 3170; x_wconf 90' lang='lat' dir='ltr'><strong>in</strong></span> <span class='ocrx_word' id='word_1_205' title='bbox 1861 3111 2012 3171; x_wconf 90' lang='lat' dir='ltr'><strong>auris</strong></span> <span class='ocrx_word' id='word_1_206' title='bbox 2034 3132 2050 3184; x_wconf 91' lang='lat'>;</span> 
     </span>
     <span class='ocr_line' id='line_1_32' title="bbox 523 3203 2196 3278; baseline 0.001 -19"><span class='ocrx_word' id='word_1_207' title='bbox 523 3221 675 3278; x_wconf 91' lang='lat' dir='ltr'><strong>quae</strong></span> <span class='ocrx_word' id='word_1_208' title='bbox 704 3222 897 3277; x_wconf 91' lang='lat' dir='ltr'><strong>neque</strong></span> <span class='ocrx_word' id='word_1_209' title='bbox 928 3214 1077 3261; x_wconf 90' lang='lat' dir='ltr'><strong>terra</strong></span> <span class='ocrx_word' id='word_1_210' title='bbox 1105 3205 1210 3263; x_wconf 90' lang='lat' dir='ltr'><strong>sibi</strong></span> <span class='ocrx_word' id='word_1_211' title='bbox 1241 3204 1488 3262; x_wconf 90' lang='lat' dir='ltr'><strong>adscivit</strong></span> <span class='ocrx_word' id='word_1_212' title='bbox 1516 3222 1628 3273; x_wconf 87' lang='lat' dir='ltr'><strong>nec</strong></span> <span class='ocrx_word' id='word_1_213' title='bbox 1657 3205 1946 3262; x_wconf 88' lang='lat' dir='ltr'><strong>maximus</strong></span> <span class='ocrx_word' id='word_1_214' title='bbox 1974 3203 2196 3276; x_wconf 83' lang='lat' dir='ltr'><strong>aether,</strong></span> 
     </span>
     <span class='ocr_line' id='line_1_33' title="bbox 522 3293 2260 3370; baseline 0.001 -19"><span class='ocrx_word' id='word_1_215' title='bbox 522 3293 686 3369; x_wconf 91' lang='lat' dir='ltr'><strong>quod</strong></span> <span class='ocrx_word' id='word_1_216' title='bbox 716 3313 908 3369; x_wconf 90' lang='lat' dir='ltr'><strong>neque</strong></span> <span class='ocrx_word' id='word_1_217' title='bbox 939 3305 1057 3353; x_wconf 88' lang='lat' dir='ltr'><strong>tam</strong></span> <span class='ocrx_word' id='word_1_218' title='bbox 1088 3296 1319 3353; x_wconf 89' lang='lat' dir='ltr'><strong>fuerunt</strong></span> <span class='ocrx_word' id='word_1_219' title='bbox 1346 3296 1542 3370; x_wconf 88' lang='lat' dir='ltr'><strong>gravia</strong></span> <span class='ocrx_word' id='word_1_220' title='bbox 1570 3304 1634 3353; x_wconf 89' lang='lat' dir='ltr'><strong>ut</strong></span> <span class='ocrx_word' id='word_1_221' title='bbox 1662 3294 1940 3369; x_wconf 89' lang='lat' dir='ltr'><strong>depressa</strong></span> <span class='ocrx_word' id='word_1_222' title='bbox 1966 3294 2260 3367; x_wconf 88' lang='lat' dir='ltr'><strong>sederent,</strong></span> 
     </span>
     <span class='ocr_line' id='line_1_34' title="bbox 520 3386 2333 3460; baseline 0.001 -18"><span class='ocrx_word' id='word_1_223' title='bbox 520 3401 636 3442; x_wconf 89' lang='lat' dir='ltr'><strong>nec</strong></span> <span class='ocrx_word' id='word_1_224' title='bbox 664 3386 811 3443; x_wconf 89' lang='lat' dir='ltr'><strong>levia</strong></span> <span class='ocrx_word' id='word_1_225' title='bbox 838 3395 901 3443; x_wconf 90' lang='lat' dir='ltr'><strong>ut</strong></span> <span class='ocrx_word' id='word_1_226' title='bbox 931 3395 1170 3460; x_wconf 89' lang='lat' dir='ltr'><strong>possent</strong></span> <span class='ocrx_word' id='word_1_227' title='bbox 1200 3404 1304 3460; x_wconf 91' lang='lat' dir='ltr'><strong>per</strong></span> <span class='ocrx_word' id='word_1_228' title='bbox 1330 3404 1589 3443; x_wconf 86' lang='lat' dir='ltr'><strong>summas</strong></span> <span class='ocrx_word' id='word_1_229' title='bbox 1617 3386 1799 3443; x_wconf 86' lang='lat' dir='ltr'><strong>labier</strong></span> <span class='ocrx_word' id='word_1_230' title='bbox 1825 3403 1976 3458; x_wconf 77' lang='lat' dir='ltr'><strong>oraS,</strong></span> <span class='ocrx_word' id='word_1_231' title='bbox 2240 3400 2333 3455; x_wconf 79' lang='lat'><strong>475</strong></span> 
     </span>
     <span class='ocr_line' id='line_1_35' title="bbox 523 3476 2057 3551; baseline 0 -17"><span class='ocrx_word' id='word_1_232' title='bbox 523 3484 583 3534; x_wconf 89' lang='lat' dir='ltr'><strong>et</strong></span> <span class='ocrx_word' id='word_1_233' title='bbox 608 3485 807 3534; x_wconf 88' lang='lat' dir='ltr'><strong>tamen</strong></span> <span class='ocrx_word' id='word_1_234' title='bbox 838 3477 1259 3550; x_wconf 88' lang='lat' dir='ltr'><strong>interutrasque</strong></span> <span class='ocrx_word' id='word_1_235' title='bbox 1288 3478 1369 3533; x_wconf 89' lang='lat' dir='ltr'><strong>ita</strong></span> <span class='ocrx_word' id='word_1_236' title='bbox 1397 3487 1531 3534; x_wconf 90' lang='lat' dir='ltr'><strong>sunt</strong></span> <span class='ocrx_word' id='word_1_237' title='bbox 1560 3486 1623 3534; x_wconf 90' lang='lat' dir='ltr'><strong>ut</strong></span> <span class='ocrx_word' id='word_1_238' title='bbox 1651 3493 1900 3551; x_wconf 87' lang='lat' dir='ltr'><strong>corpora</strong></span> <span class='ocrx_word' id='word_1_239' title='bbox 1926 3476 2057 3534; x_wconf 87' lang='lat' dir='ltr'><strong>viva</strong></span> 
     </span>
    </p>
   </div>
   <div class='ocr_carea' id='block_1_3' title="bbox 426 3566 1861 3642">
    <p class='ocr_par' dir='ltr' id='par_1_7' title="bbox 426 3566 1861 3642">
     <span class='ocr_line' id='line_1_36' title="bbox 426 3566 1861 3642; baseline -0.001 -17"><span class='ocrx_word' id='word_1_240' title='bbox 426 3596 431 3603; x_wconf 89' lang='lat'><em>·</em></span> <span class='ocrx_word' id='word_1_241' title='bbox 522 3578 752 3625; x_wconf 89' lang='lat' dir='ltr'><strong>versent</strong></span> <span class='ocrx_word' id='word_1_242' title='bbox 782 3576 1059 3642; x_wconf 87' lang='lat' dir='ltr'><strong>et-partes</strong></span> <span class='ocrx_word' id='word_1_243' title='bbox 1088 3576 1153 3623; x_wconf 88' lang='lat' dir='ltr'><strong>ut</strong></span> <span class='ocrx_word' id='word_1_244' title='bbox 1181 3566 1386 3624; x_wconf 91' lang='lat' dir='ltr'><strong>mundi</strong></span> <span class='ocrx_word' id='word_1_245' title='bbox 1417 3568 1592 3624; x_wconf 91' lang='lat' dir='ltr'><strong>totius</strong></span> <span class='ocrx_word' id='word_1_246' title='bbox 1622 3576 1822 3624; x_wconf 91' lang='lat' dir='ltr'><strong>extent</strong></span> <span class='ocrx_word' id='word_1_247' title='bbox 1841 3585 1861 3638; x_wconf 81' lang='lat'>3</span> 
     </span>
    </p>
   </div>
  </div>
 </body>
</html>
