2784 3992
536 300 679 369 111.]
1008 299 1119 350 DE
1180 298 1472 351 RERUM
1528 299 1872 351 NATURA
2262 300 2342 365 77

529 480 643 520 nec
669 462 841 520 nimis
871 460 973 518 irai
1001 461 1097 518 fax
1125 479 1404 535 umquam
1433 460 1667 519 subdita
1693 463 1880 537 percit

530 552 768 623 fumida,
798 552 1140 610 suffundens
1170 569 1382 609 caecae
1413 552 1670 630 caliginis
1700 554 1922 625 umbra,

529 661 640 701 nec
668 642 875 718 gelidis
903 652 1096 718 torpet
1123 642 1250 699 telis
1277 642 1498 717 perfixa
1525 644 1755 717 pavoris
1780 665 1792 701 :
2057 684 2066 696 .
2241 663 2338 716 305

530 734 682 791 int-er
709 743 985 807 utrosque
1016 734 1191 803 sitast,
1224 734 1426 789 cervos
1456 750 1778 807 saevosque
1807 734 2030 794 leones,

529 826 609 882 sic
640 825 945 882 hominum
975 841 1158 898 genus
1188 833 1292 880 est.
1338 823 1603 896 quamvis
1633 824 1900 883 doctrina
1926 827 2140 901 politos

521 916 841 973 'constituat
869 914 1083 990 pariter
1110 912 1418 992 quq'sdarn‚
1449 924 1648 972 tamen
1677 915 1772 972 illa
1799 916 2070 990 relinquit

527 1016 763 1063 naturae
795 1006 1077 1079 cuiusque
1106 1005 1284 1064 animi
1313 1005 1553 1079 vestigia
1580 1006 1787 1079 prima.

527 1114 639 1153 nec
666 1095 943 1173 radicitus
973 1094 1140 1152 evelli
1169 1095 1522 1169 malacposse
1553 1095 1956 1170 putandumst,
2240 1118 2339 1170 310

527 1187 667 1261 quin
696 1186 1006 1262 proclivius
1035 1186 1271 1243 hic-iras
1300 1186 1570 1243 decurrat
1597 1185 1674 1243 ad
1709 1187 1876 1260 acriS,

526 1277 617 1335 ille
646 1286 807 1335 metu
838 1276 1005 1333 citius
1034 1276 1210 1351 paulo
1240 1285 1575 1351 temptetur,
1606 1286 1666 1333 at
1695 1277 1788 1334 ille

525 1368 724 1425 tertius
752 1368 1003 1442 accipiat
1031 1366 1323 1442 quaedam
1354 1367 1697 1425 clementius
1727 1386 1938 1443 aequo·

524 1460 702 1533 inque
733 1459 855 1516 aliis
880 1458 1053 1515 rebus
1081 1458 1275 1515 multis
1304 1456 1534 1515 differre
1564 1468 1861 1517 necessest

522 1559 755 1607 naturas
785 1549 1089 1607 hominum
1116 1549 1301 1606 varias
1330 1567 1641 1624 moresque
1671 1550 1938 1623 sequacis
1958 1572 1976 1623 ;
2236 1571 2334 1627 315

524 1639 773 1715 quorum
804 1658 915 1715 ego
944 1658 1101 1696 nunc
1131 1657 1365 1713 nequeo
1395 1658 1603 1697 caecas
1633 1658 1930 1715 exponere
1960 1660 2164 1702 causas

522 1750 632 1789 nec
662 1731 913 1806 reperire
944 1730 1252 1805 figurarum
1283 1739 1371 1787 tot
1400 1730 1639 1788 nomina
1668 1742 1814 1805 quot
1843 1742 1977 1791 sunt

521 1822 838 1897 principiiS,
869 1820 1028 1879 unde
1058 1821 1205 1878 haec
1235 1820 1415 1878 oritur
1439 1821 1716 1879 variantia
1743 1840 1952 1881 rerum.

521 1913 660 1971 illud
690 1914 751 1971 in
780 1913 869 1970 his
898 1912 1069 1969 rebus
1097 1910 1302 1968 videor
1328 1911 1557 1969 firmare
1587 1920 1841 1986 potesse,

519 2022 704 2084 usque
734 2003 889 2062 adeo
920 2011 1253 2060 naturarum
1280 2002 1524 2077 vestigia
1550 2002 1734 2076 linqui
2235 2025 2336 2077 320

520 2093 757 2169 parvola
786 2111 939 2170 quae
967 2101 1223 2167 nequeat
1250 2092 1397 2150 ratio
1427 2091 1722 2167 depellere
1753 2094 1941 2167 nobiS‚

519 2195 583 2247 ut
609 2185 691 2243 nil
719 2184 983 2260 inpediat
1012 2183 1251 2259 dignam
1281 2182 1370 2241 dis
1401 2182 1616 2258 degere
1645 2184 1841 2243 vitam.
1879 2218 1883 2222 -

598 2277 775 2333 Haec
804 2275 976 2351 igitur
1000 2284 1205 2332 natura
1232 2282 1462 2331 tenetur
1489 2292 1737 2349 corpore
1768 2276 1842 2333 ab
1871 2277 2035 2335 omni

518 2366 760 2441 ipsaque
790 2366 1051 2440 corporis
1080 2373 1169 2423 est
1196 2375 1394 2423 custos
1425 2373 1484 2421 et
1511 2382 1687 2423 causa
1716 2366 1912 2424 salutis
1935 2388 1951 2439 ;

516 2474 652 2515 nam
680 2456 1093 2515 communibus
1120 2456 1273 2513 inter
1300 2473 1361 2513 se
1390 2454 1684 2514 radicibus
1713 2456 1956 2516 haerent
2232 2478 2329 2532 325

516 2566 627 2606 nec
657 2548 785 2606 sine
814 2534 1071 2622 pernicie
1100 2545 1296 2604 divelli
1324 2564 1499 2621 posse
1526 2545 1815 2606 videntur.

515 2637 678 2712 quod
706 2655 893 2713 genus
921 2655 954 2694 e
982 2636 1163 2695 thuris
1190 2636 1410 2712 glaebis
1440 2636 1685 2695 evellere
1715 2636 1962 2696 odorem

515 2729 673 2788 haud
701 2728 871 2786 facile
900 2737 988 2786 est
1016 2728 1160 2803 quin
1188 2728 1434 2785 intereat
1461 2736 1666 2813 natura
1695 2746 1932 2803 quoque
1963 2729 2105 2789 eius·

515 2820 596 2878 sic
627 2820 807 2877 animi
836 2828 1012 2894 atque
1042 2818 1273 2876 animae
1302 2829 1571 2876 naturam
1602 2837 1847 2893 corpore
1877 2828 2004 2878 toto

514 2910 815 2969 extrahere
845 2909 985 2967 haut
1012 2909 1180 2966 facile
1198 2919 1297 2995 est
1326 2910 1472 2983 quin
1501 2910 1700 2968 omnia
1728 2909 2134 2970 dissoluantur.
2229 2931 2328 2983 330

512 3000 759 3076 inplexis
789 3000 869 3057 ita
895 2999 1192 3075 principiis
1220 3000 1294 3058 ab
1324 3000 1546 3075 origine
1575 3001 1762 3075 prima

512 3092 661 3149 inter
688 3109 752 3149 se
781 3091 929 3148 fiunt
956 3084 1211 3149 elonsorti
1238 3090 1504 3165 praedita
1529 3091 1664 3161 vita,

511 3201 623 3241 nec
653 3182 762 3240 sibi
790 3200 1061 3255 quaeque
1089 3181 1214 3239 sine
1244 3182 1475 3239 alterius
1503 3182 1558 3239 vi
1588 3199 1762 3256 posse
1791 3180 2022 3240 videtur

511 3273 775 3348 corporis
804 3283 978 3346 atque
1008 3272 1187 3330 animi
1215 3290 1474 3330 seorsum
1506 3273 1718 3330 sentire
1747 3282 2026 3348 potestaS,

511 3363 618 3422 sed
646 3363 1061 3421 communibus
1090 3362 1240 3421 inter
1268 3381 1365 3421 eas
1394 3363 1679 3421 conflatur
1705 3364 1996 3439 utrimque
2224 3382 2318 3435 335

512 3455 767 3513 motibus
795 3472 1078 3512 accensus
1105 3454 1275 3511 nobis
1304 3472 1410 3529 per
1435 3454 1657 3512 viscera
1685 3472 1905 3512 sensus.

510 3554 814 3623 praeterea
841 3562 1053 3620 corpus
1082 3563 1187 3620 per
1214 3562 1277 3603 se
1304 3563 1418 3603 nec
1445 3545 1697 3620 gignitur
1723 3562 2002 3619 umquam
