2784 3992
532 297 617 360 30
1196 293 1664 348 LUCRETms
2267 292 2344 363 [1.

610 456 751 533 Ipsa
780 454 1023 515 modum
1054 472 1230 532 porro
1259 454 1368 514 sibi
1394 472 1588 513 rerum
1618 473 1847 513 summa
1870 472 2074 557 parare

527 566 603 605 ne
632 548 834 650 possit,
865 556 1069 604 natura
1095 555 1274 618 tenet,
1305 564 1457 620 quae
1487 563 1700 621 corpus
1727 545 1886 603 inani

528 647 589 695 et
616 637 823 712 quod
808 655 979 695 inane
1023 645 1219 694 autem
1251 646 1340 694 est
1366 636 1518 694 finiri
1551 653 1796 711 corpore
1827 636 2003 712 cogit,
2214 657 2344 695 1010

525 737 592 786 ut
620 729 702 786 sic
730 728 961 785 alternis
990 728 1215 786 infinita
1243 727 1446 785 omnia
1470 725 1732 799 reddat,

526 828 626 876 aut
654 819 827 877 etiam
857 818 1209 888 alterutrum,
1241 818 1353 875 nisi
1381 818 1654 875 terminet
1681 816 1945 891 alterum,
1976 835 2182 877 eorum

525 908 789 985 simplice
819 918 1023 966 natura
1049 918 1247 985 pateat
1274 918 1473 965 tamen
1503 907 1957 967 inmoderatum.

1409 1007 1446 1044 ιιι

522 1106 637 1149 nec
666 1108 824 1147 mare
854 1107 969 1147 nec
996 1089 1163 1147 tellus
1192 1107 1386 1163 neque
1418 1089 1565 1147 caeli
1592 1088 1787 1147 lucida
1813 1088 2034 1165 templa

522 1197 637 1238 nec
666 1180 906 1238 mortale
934 1199 1118 1255 genus
1145 1198 1259 1237 nec
1288 1180 1488 1237 divum
1517 1198 1766 1255 corpora
1793 1189 1997 1239 sancta
2211 1198 2335 1252 1015

524 1271 799 1346 exiguum
827 1280 1069 1347 possent
1096 1270 1260 1329 horai
1289 1271 1489 1329 sistere
1519 1280 1792 1347 tempus;

522 1380 661 1419 nam
691 1360 949 1437 dispulsa
974 1380 1083 1419 suo
1112 1359 1189 1420 de
1218 1371 1393 1420 coetu
1418 1362 1680 1419 materiai

522 1452 695 1527 copia
721 1452 959 1510 ferretur
988 1470 1265 1527 magnum
1293 1470 1401 1527 per
1427 1453 1600 1510 inane
1630 1452 1835 1523 soluta,

523 1543 641 1601 sive
672 1542 824 1601 adeo
852 1543 1046 1618 potius
1074 1560 1395 1617 numquam
1425 1552 1704 1601 concreta
1722 1552 1976 1601 creasset

523 1633 697 1690 ullam
725 1651 870 1705 rem,
900 1634 1179 1708 quoniam
1208 1633 1341 1709 cogi
1369 1632 1615 1692 disiecta
1641 1633 1957 1709 nequisset.
2069 1666 2076 1673 ·
2209 1652 2337 1690 1020

522 1741 659 1780 nam
688 1733 845 1781 certe
874 1741 1068 1799 neque
1098 1724 1343 1782 consilio
1370 1723 1691 1799 primordia
1717 1742 1912 1782 rerum

522 1813 727 1872 ordine
756 1834 818 1873 se
848 1832 954 1873 suo
983 1832 1252 1889 quaeque
1282 1814 1476 1889 sagaci
1504 1824 1704 1873 mente
1732 1814 1998 1873 locarunt

520 1922 635 1962 nec
663 1923 811 1979 quos
840 1923 1107 1980 quaeque
1137 1904 1345 1964 darent
1372 1916 1566 1963 motus
1593 1905 1870 1981 pepigere
1899 1904 2186 1981 profecte,

522 1994 627 2053 sed
656 1996 793 2070 quia
820 1997 1001 2053 multa
1019 1995 1213 2055 modis
1241 1996 1436 2054 multis
1464 2005 1687 2054 mutata
1712 2014 1818 2071 per
1846 2014 2022 2053 omne

521 2105 596 2145 ex
617 2087 843 2144 infinito
870 2096 1149 2145 vexantur
1174 2088 1399 2162 percita
1426 2087 1648 2167 plagiS„
2209 2104 2334 2157 1025

523 2195 698 2236 omne
728 2195 912 2253 genus
941 2187 1135 2235 motus
1164 2187 1225 2236 et
1252 2187 1458 2236 coetus
1487 2177 1854 2253 experiundo

520 2266 759 2325 tandem
789 2267 1108 2325 deveniunt
1133 2268 1195 2325 in
1222 2268 1349 2325 talis
1378 2266 1777 2343 disposituras,

520 2358 783 2431 qualibus
813 2358 960 2415 haec
986 2376 1179 2416 rerum
1208 2359 1473 2416 consistit
1501 2377 1732 2416 summa
1759 2368 1971 2431 creata,

520 2457 581 2505 et
607 2448 819 2506 multos
848 2448 1023 2505 etiam
1053 2466 1297 2523 magnos
1327 2458 1550 2507 servata
1577 2467 1684 2525 per
1708 2468 1897 2508 annos

520 2547 583 2594 ut
605 2538 784 2595 semel
811 2538 873 2596 in
899 2547 1093 2597 motus
1122 2540 1444 2597 coniectast
1466 2540 1888 2613 convenientis,
2205 2560 2335 2614 1030

520 2629 701 2687 efficit
726 2638 791 2687 ut
818 2628 985 2705 largis
1013 2628 1249 2687 avidum
1276 2649 1437 2688 mare
1465 2631 1719 2689 fluminis
1747 2630 1920 2690 undis

518 2720 806 2795 integrent
833 2738 1034 2778 amnes
1064 2729 1122 2777 et
1150 2720 1286 2779 solis
1314 2730 1466 2779 terra
1490 2740 1708 2797 vapore

518 2810 639 2869 fota
667 2820 843 2869 novet
874 2811 1020 2868 fetus
1042 2812 1464 2886 summissaque
1494 2831 1639 2887 gens
1665 2814 2027 2873 animantum

518 2901 719 2959 floreat
746 2910 805 2958 et
832 2902 1023 2958 vivant
1049 2902 1311 2961 labentes
1340 2904 1587 2961 aetheris
1608 2904 1774 2979 ignes
1795 2926 1812 2977 3

517 2990 681 3065 quod
711 2992 870 3048 nullo
899 2992 1156 3050 facerent
1184 3003 1380 3068 pacto,
1411 2995 1520 3052 nisi
1551 2996 1813 3053 materiai
2206 3017 2332 3070 1035

518 3100 591 3139 ex
618 3082 846 3139 infinito
876 3084 1118 3141 suboriri
1148 3084 1323 3159 copia
1348 3094 1567 3160 posset,

515 3172 674 3231 unde
704 3173 913 3231 amissa
942 3174 1132 3232 solent
1158 3193 1424 3249 reparare
1453 3176 1514 3233 in
1540 3185 1808 3252 tempore
1837 3195 2127 3253 quaeque.

515 3281 652 3321 nam
681 3264 855 3321 veluti
884 3265 1105 3339 privata
1132 3266 1268 3324 cibo
1290 3275 1494 3323 natura
1521 3268 1883 3326 animantum

516 3353 725 3421 diffluit
754 3356 1025 3413 amittens
1055 3374 1301 3434 corpusQ
1318 3357 1401 3413 sic
1432 3358 1633 3415 omnia
1659 3358 1884 3417 debent

515 3443 754 3501 dissolui
782 3445 950 3502 simul
978 3446 1293 3503 ac‘defecit
1323 3447 1696 3523 suppeditare
2207 3472 2335 3522 1040

518 3535 783 3591 materies
811 3534 1004 3608 aliqua
1030 3537 1251 3594 ratione
1282 3555 1486 3595 aversa·
1509 3539 1640 3596 viai.
