2784 3992
533 319 611 390 1.]
1015 323 1122 374 DE
1177 324 1468 377 RERUM
1525 326 1867 379 NATURA
2273 331 2341 396 15

527 484 740 559 partim
767 484 1023 542 concilio
1050 503 1202 560 quae
1229 493 1503 543 constant
1528 487 1965 562 principiorum.

527 574 636 632 sed
664 593 816 650 quae
845 584 980 632 sunt
1004 593 1194 633 rerum
1222 575 1556 651 primordia,
1587 579 1743 636 nulla
1769 588 1967 654 potest
1994 582 2080 639 vis
2225 591 2341 654 ,485

528 666 818 740 stinguere
839 686 858 738 3
902 684 1038 724 nam
1069 666 1259 726 solido
1287 667 1528 725 vincunt
1556 687 1630 726 ea
1656 688 1903 745 corpore
1934 672 2196 731 demum.

527 758 635 813 etsi
665 756 898 814 difficile
927 775 1054 814 esse
1082 757 1310 815 videtur
1338 757 1578 816 credere
1608 760 1925 836 quicquam

524 847 586 903 in
612 848 786 905 rebus
814 847 1004 906 solido
1032 849 1266 924 reperiri
1296 867 1545 923 corpore
1576 869 1771 925 posse.

523 938 726 994 transit
754 939 908 995 enim
942 938 1160 995 fulmen
1190 940 1336 996 caeli
1365 958 1471 1015 per
1500 952 1703 1018 saepta
1730 943 2060 1019 domorum,

523 1027 744 1086 clamor
768 1038 834 1086 ut
861 1047 929 1086 ac
958 1047 1136 1087 voces
1157 1049 1175 1102 3
1219 1030 1763 1091 ferrumcandescit
1790 1035 1851 1092 in
1878 1036 1997 1110 igni
2244 1059 2343 1109 490

523 1116 926 1193 dissiliuntque
953 1119 1076 1178 fero
1104 1119 1386 1178 ferventia
1414 1141 1552 1180 saxa
1580 1143 1795 1199 vapore
1816 1146 1834 1198 3

522 1217 648 1265 tum
675 1209 1050 1268 labefactatus
1077 1210 1233 1286 rigor
1261 1211 1384 1270 auri
1412 1215 1652 1272 solvitur
1680 1224 1842 1272 aestu
1862 1235 1882 1288 3

432 1311 436 1316 ’
521 1309 646 1356 tum
673 1299 887 1374 glacies
913 1301 1062 1360 aeris
1088 1300 1326 1360 flamma
1352 1303 1584 1362 devicta
1610 1305 1876 1381 liquescit
1896 1328 1915 1379 3

519 1399 824 1464 permanat
852 1390 1014 1450 calor
1039 1401 1346 1469 argentum
1372 1397 1787 1471 penetraleque
1818 1397 2010 1472 friguS,

519 1480 761 1555 quando
788 1491 1104 1558 utrumque
1131 1502 1312 1542 manu
1339 1486 1654 1545 retinentes
1681 1487 1893 1562 pocula
1919 1488 2026 1546 rite
2244 1507 2337 1561 495

519 1571 806 1630 sensimus
833 1572 1026 1634 infuso
1051 1574 1421 1653 lympharum
1449 1595 1577 1635 rore
1608 1585 1873 1652 superne.

517 1680 705 1738 usque
733 1663 887 1723 adeo
915 1666 976 1722 in
1004 1668 1175 1725 rebus
1204 1667 1384 1727 solidi.
1403 1668 1485 1726 nil
1514 1686 1638 1726 esse
1666 1667 1910 1727 videtur.

518 1753 628 1813 sed
657 1754 794 1828 quia
820 1774 957 1814 vera
983 1767 1181 1815 tamen
1208 1762 1353 1816 ratio
1382 1767 1699 1834 naturaque
1728 1777 1949 1825 rerum,

517 1847 695 1922 cogit,
729 1847 889 1919 ades,
918 1849 1124 1923 paucis
1150 1847 1295 1906 dum
1321 1849 1579 1907 versibus
1608 1848 1989 1925 expediamus

519 1955 648 1996 esse
680 1959 752 1998 ea
780 1957 932 2014 quae
961 1938 1149 1997 solido
1178 1949 1352 2014 atque
1381 1949 1619 1998 aeterno
1648 1959 1891 2015 corpore
1922 1949 2209 2012 constent,
2241 1960 2337 2013 500

518 2030 746 2088 semina
775 2048 925 2105 quae
953 2047 1145 2086 rerum
1173 2030 1607 2105 primordiaque
1638 2049 1763 2088 esse
1794 2029 2095 2104 docemus,

517 2118 679 2178 unde
707 2121 898 2178 omnis
927 2138 1118 2177 rerum
1149 2138 1306 2177 nunc
1337 2130 1564 2178 constet
1594 2139 1822 2179 summa
1850 2133 2059 2196 creata.

601 2211 895 2286 Principio
925 2211 1205 2285 quoniam
1235 2209 1455 2285 duplex
1482 2220 1686 2269 natura
1710 2211 1954 2269 duarum

517 2299 810 2360 dissimilis
838 2320 1029 2360 rerum
1058 2301 1230 2375 longe
1263 2310 1531 2359 constare
1560 2311 1859 2377 repertast,

516 2393 779 2468 corporis
807 2401 982 2466 atque
1012 2391 1145 2464 loci,
1174 2409 1263 2449 res
1294 2391 1353 2449 in
1382 2410 1501 2466 quo
1532 2411 1798 2468 quaeque
1827 2402 2117 2469 geruntur,
2243 2414 2335 2466 505

517 2501 648 2542 esse
678 2493 980 2568 utramque
1011 2481 1119 2540 sibi
1147 2500 1254 2558 per
1281 2501 1342 2540 se
1372 2501 1693 2558 puramque
1721 2494 2034 2542 necessest.

515 2593 656 2632 nam
688 2591 1060 2650 quacumque
1088 2583 1257 2632 vacat
1285 2574 1554 2648 spatium,
1586 2573 1749 2648 quod
1776 2575 1951 2632 inane
1978 2594 2276 2649 vocamus,

515 2684 732 2741 corpus
763 2683 836 2724 ea
862 2682 984 2722 non
1014 2673 1102 2723 est
1121 2684 1141 2738 3
1185 2682 1302 2739 qua
1329 2667 1503 2740 por'ro
1534 2683 1787 2740 cumque
1818 2675 1979 2723 tenet
2008 2684 2070 2724 se

517 2775 749 2831 corpuS,
781 2774 853 2813 ea
879 2773 1130 2814 vacuum
1159 2773 1533 2830 nequaquam
1564 2765 1793 2813 constat
1824 2756 2016 2815 inane.

516 2857 650 2905 sunt
678 2847 848 2922 igitur
874 2845 1060 2904 solida
1087 2864 1157 2903 ac
1186 2846 1311 2903 sine
1339 2845 1497 2903 inani
1525 2864 1771 2920 corpora
1794 2847 1997 2920 prima.
2242 2869 2338 2919 510

514 2949 818 3014 praeterea
846 2939 1122 3014 quoniam
1151 2939 1358 3014 genitis
1386 2939 1448 2995 in
1476 2939 1649 2996 rebus
1677 2939 1921 3011 inanest,

517 3030 817 3088 materiem
850 3030 1070 3086 circum
1099 3027 1345 3087 solidam
1377 3037 1645 3086 constare
1674 3038 1987 3101 necessest,

516 3139 629 3178 nec
655 3139 748 3180 res
777 3120 891 3177 ulla
917 3130 1111 3195 potest
1138 3139 1273 3178 vera
1300 3119 1527 3178 ratione
1556 3120 1789 3196 probari

518 3229 765 3286 corpore
794 3211 964 3268 inane
995 3230 1101 3269 suo
1131 3210 1318 3268 celare
1349 3220 1525 3286 atque
1554 3203 1720 3268 intus‘
1739 3210 1973 3283 habere,

519 3303 566 3360 si
592 3320 734 3373 non,
765 3301 928 3376 quod
955 3302 1211 3373 cohibet,
1242 3301 1491 3359 solidum
1522 3311 1785 3359 constare
1815 3301 2123 3376 relinquas.
2240 3321 2331 3371 515

517 3392 580 3451 id
605 3411 783 3468 porro
813 3393 894 3449 nil
921 3411 1046 3450 esse
1077 3401 1270 3466 potest
1299 3392 1407 3450 nisi
1436 3392 1696 3449 materiai

517 3483 852 3555 concilium,
882 3483 1045 3558 quod
1075 3484 1245 3540 inane
1277 3492 1453 3557 queat
1482 3501 1672 3540 rerum
1702 3481 1996 3540 cohibere.

517 3575 788 3636 materies
816 3574 1002 3653 igitur,
1033 3573 1220 3631 solido
1250 3591 1402 3651 quae
1432 3591 1678 3650 corpore
1709 3580 1957 3642 constat,
