2784 3992
487 326 600 397 ΙΙ.]
958 326 1068 379 DE
1128 327 1422 380 RERUM
1478 329 1823 382 NATURA
2206 334 2284 395 41

482 498 793 565 propterea
820 489 959 564 quia
986 507 1197 564 corpus
1225 508 1413 565 aquae
1442 500 1760 566 naturaque
1790 494 1974 550 tenvis

482 580 628 638 aeris
656 580 795 638 haut
822 590 1069 655 possunt
1096 598 1283 656 aeque
1311 599 1437 638 rem
1466 601 1763 657 quamque
1792 584 2023 655 morari,

483 671 589 729 sed
616 672 785 729 citius
814 670 1035 729 cedunt
1061 673 1418 747 gravioribus
1447 683 1792 748 exsuperata
1812 694 1829 746 3

482 770 542 819 at
569 771 773 819 contra
799 762 940 819 nulli
970 762 1046 819 de
1074 764 1231 820 nulla
1258 773 1419 837 parte
1451 781 1644 837 neque
1674 765 1791 822 ullo
2201 784 2292 837 235

482 840 745 927 tempore
776 853 948 935 inane
977 862 1173 927 potest
1200 871 1450 911 vacuum
1479 854 1790 912 subsistere
1818 855 1920 925 rei,

484 943 642 1016 quin,
671 962 775 1001 sua
802 942 966 1017 quod
996 953 1198 1001 natura
1226 945 1390 1019 petit,
1421 945 1754 1002 conce'dere
1783 954 1987 1020 pergat
2007 966 2026 1018 3

482 1034 680 1090 omnia
700 1043 1057 1108 quapropter
1083 1034 1305 1092 debent
1331 1052 1439 1110 per
1464 1036 1637 1093 inane
1666 1036 1930 1110 quietum

483 1141 670 1199 aeque
699 1123 1057 1198 ponderibus
1086 1143 1208 1183 non
1237 1126 1438 1199 aequis
1467 1126 1701 1183 concita
1729 1126 1894 1198 ferri..

482 1214 639 1272 haud
668 1215 837 1289 igitur
864 1224 1140 1290 poterunt
1168 1215 1476 1274 levioribus
1507 1206 1764 1273 incidere
1793 1234 2075 1291 umquam
2199 1238 2296 1284 240

482 1322 555 1363 ex
584 1322 795 1380 supero
823 1306 1085 1381 graviora
1112 1323 1305 1380 neque
1334 1306 1484 1363 ictus
1513 1306 1748 1381 gignere
1777 1324 1883 1381 per
1910 1324 1972 1364 se

482 1395 583 1470 qui
611 1396 830 1454 varient
858 1405 1053 1453 motus
1081 1414 1187 1470 per
1213 1413 1363 1470 quos
1391 1406 1597 1453 natura
1623 1407 1783 1471 gerat
1811 1414 1922 1455 res.

482 1504 661 1560 quare
691 1487 865 1544 etiam
895 1495 1072 1561 atque
1101 1487 1275 1544 etiam
1305 1486 1545 1561 paulum
1571 1487 1846 1544 inclinare
1874 1496 2174 1545 necessest

482 1594 765 1651 corpora3
807 1595 921 1635 nec
950 1578 1079 1651 plus
1108 1593 1284 1651 quam
1315 1577 1642 1649 minimum,
1672 1595 1747 1635 ne
1777 1578 1996 1652 fingere
2024 1588 2220 1636 motus

482 1667 752 1741 obliquos
781 1665 1084 1725 videamur
1110 1678 1169 1725 et
1195 1667 1257 1725 id
1284 1686 1377 1725 res
1408 1685 1543 1725 vera
1569 1669 1794 1726 refutet.
2201 1686 2292 1739 245

482 1776 738 1832 namque
767 1758 883 1816 hoc
910 1759 970 1815 in
999 1769 1273 1833 promptu
1306 1758 1794 1833 manifestumque
1826 1777 1953 1817 esse
1980 1758 2267 1833 videmus,
2365 1762 2368 1765 ’

481 1848 761 1923 pondera,
786 1858 1069 1924 quantum
1096 1849 1156 1905 in
1185 1856 1318 1922 sest,
1350 1867 1471 1907 non
1500 1868 1674 1924 posse
1703 1849 1942 1923 obliqua
1970 1867 2184 1921 meare,

482 1957 555 1997 ex
583 1957 796 2014 supero
824 1958 959 1997 cum
989 1940 1391 2014 praecipitant,
1423 1938 1584 2014 quod
1613 1957 1850 1997 cernere
1879 1940 2066 2014 possis
2086 1959 2104 2012 3

481 2028 587 2088 sed
617 2030 695 2087 nil
725 2030 968 2087 omnino
997 2040 1157 2087 recta
1184 2031 1422 2107 regione
1450 2030 1563 2086 viai

481 2120 774 2179 declinare
804 2121 933 2195 quis
962 2132 1049 2177 est
1078 2120 1177 2194 qui
1207 2121 1391 2196 possit
1421 2138 1657 2177 cernere
1687 2121 1858 2179 sese?
2200 2137 2294 2190 250

563 2211 839 2285 Denique
868 2210 914 2267 si
937 2229 1167 2285 semper
1196 2220 1388 2268 motus
1419 2212 1747 2269 conectitur
1775 2212 1964 2269 omnis

480 2312 540 2361 et
567 2312 763 2361 vetere
794 2302 1048 2359 exoritur
1076 2320 1306 2376 semper
1333 2320 1520 2360 novus
1550 2302 1753 2360 ordine
1785 2311 1948 2360 certo

479 2411 591 2451 nec
620 2392 975 2451 declinando
1006 2393 1223 2449 faciunt
1251 2392 1570 2467 primordia
1597 2402 1792 2450 motus

478 2483 831 2559 principium
861 2481 1167 2557 quoddam
1194 2483 1357 2557 quod
1386 2483 1486 2540 fati
1516 2482 1754 2540 foedera
1779 2491 2027 2556 rumpat,

480 2592 553 2631 ex
580 2573 809 2632 infinito
838 2592 914 2630 ne
944 2591 1180 2630 causam
1210 2592 1387 2653 causa
1415 2582 1705 2647 sequatur,
2197 2591 2288 2645 255

477 2664 660 2723 libera
687 2683 793 2739 per
819 2674 995 2722 terras
1025 2664 1182 2722 unde
1213 2664 1359 2721 haec
1386 2664 1777 2721 animantibus
1807 2671 2009 2733 exstat,

478 2754 636 2813 unde
667 2764 755 2813 est
784 2755 949 2826 haec,
980 2756 1237 2830 inquam,
1270 2755 1398 2811 fatis
1427 2755 1624 2812 avolsa
1651 2763 1908 2827 potestas

476 2864 584 2921 per
612 2864 790 2922 quam
820 2845 1225 2921 progredimur
1250 2864 1369 2920 quo
1400 2844 1566 2903 ducit.
1589 2861 1886 2918 quemque
1913 2843 2198 2926 voluntaS,

478 2936 843 2995 declinamus
870 2937 1011 2994 item
1041 2946 1233 2994 motus
1262 2955 1374 2993 nec
1403 2946 1668 3009 ternpore
1699 2944 1863 2991 certo

478 3045 592 3085 nec
619 3028 860 3102 regione
889 3027 1005 3085 loci
1035 3037 1208 3098 certa,
1238 3027 1344 3084 sed
1372 3027 1474 3084 ubi
1503 3027 1627 3101 ipsa
1650 3024 1777 3082 tulit
1805 3024 2015 3081 mens?
2195 3030 2290 3081 260

478 3136 615 3176 narn
646 3116 830 3175 dubio
858 3117 1064 3193 procul
1093 3117 1180 3174 his
1208 3118 1379 3175 rebus
1410 3136 1514 3173 sua
1541 3117 1755 3191 cuique
1785 3114 2051 3172 voluntas

477 3208 831 3284 principium
860 3207 961 3265 dat
988 3218 1047 3265 et
1076 3208 1211 3264 hinc
1241 3218 1433 3264 motus
1463 3226 1566 3282 per
1595 3206 1852 3264 membra
1877 3204 2146 3279 rigantur.

477 3316 679 3357 nonne
702 3298 865 3356 vides
894 3298 1070 3355 etiam
1099 3299 1401 3372 patefactis
1431 3308 1695 3371 tempore
1726 3304 1950 3371 puncto

478 3389 807 3447 carceribus
836 3407 957 3446 non
985 3406 1159 3462 posse
1189 3398 1383 3445 tamen
1415 3405 1792 3461 prorumpere
1823 3403 2110 3459 equorum

476 3482 593 3561 vim
613 3479 892 3554 cupidam
922 3489 1040 3535 tam
1072 3478 1147 3536 de
1177 3479 1367 3536 subito
1399 3497 1576 3551 quam
1607 3496 1774 3534 mens
1803 3484 1935 3533 avet
1963 3476 2130 3549 ipsa?
2167 3480 2284 3543 ,265

478 3571 673 3628 omnis
702 3570 860 3627 enirn
890 3578 1077 3627 totum
1108 3587 1212 3643 per
1240 3587 1454 3642 corpus
1482 3568 1738 3626 materiai
