2784 3992
479 303 555 364 16
1138 312 1600 366 LUCRETIUS
2204 311 2279 383 [1.

469 495 595 536 esse
625 485 860 535 aeterna
885 483 1098 551 potest,
1127 493 1264 531 cum
1293 485 1491 531 cetera
1518 473 1922 532 dissoluantur.

469 578 592 629 tum
619 585 794 642 porro
822 567 870 624 si
896 565 978 623 nil
1004 576 1158 623 esset
1186 563 1350 639 quod
1379 565 1551 620 inane
1580 573 1833 634 vocaret,
2188 583 2285 635 520

468 676 645 716 omne
674 659 821 715 foret
849 655 1099 715 solidum
1122 676 1138 727 ;
1182 655 1291 713 nisi
1321 664 1527 713 contra
1554 673 1803 730 corpora
1830 664 1990 712 certa

469 758 662 806 essent
689 766 838 823 quae
869 748 1000 805 loca
1029 745 1400 820 complerent
1426 762 1835 820 quaecumque
1866 755 2149 816 tenerent,

467 857 644 897 omne
716 857 796 897 uo
867 847 971 908 est,
1003 837 1254 912 spatium
1282 855 1531 893 vacuum
1563 845 1854 894 constaret
1882 835 2072 893 inane.

468 930 696 987 alternis
725 929 894 1003 igitur
922 928 1190 984 nimirum
1223 945 1438 1002 corpus
1469 926 1625 983 inani

469 1019 876 1090 distinctumst,
908 1019 1186 1093 quoniam
1217 1037 1328 1074 nec
1357 1016 1598 1092 plenum
1629 1016 1851 1074 naviter
1879 1025 2037 1076 extat
2188 1034 2280 1087 525

467 1129 579 1168 nec
609 1129 783 1184 porro
811 1127 1076 1168 vacuum.
1123 1117 1256 1165 sunt
1285 1125 1426 1182 ergo
1455 1124 1703 1182 corpora
1732 1117 1889 1164 certa

468 1218 617 1275 quae
648 1201 898 1275 spatium
924 1200 1101 1273 pleno
1131 1199 1355 1273 possint
1381 1196 1735 1273 distinguere
1764 1198 1959 1257 inane.

468 1291 616 1348 haec
643 1308 837 1365 neque
867 1289 1105 1347 dissolui
1134 1288 1318 1363 plagis
1351 1290 1711 1346 extrinsecus
1742 1289 1859 1346 icta

467 1391 714 1457 possunt
742 1399 854 1438 nec
881 1397 1054 1454 porro
1084 1381 1315 1454 penitus
1342 1389 1649 1454 penetrata
1675 1379 1858 1437 retexi

467 1491 579 1530 nec
607 1473 830 1530 ratione
859 1479 1082 1545 queunt
1110 1470 1219 1528 alia
1247 1478 1533 1544 temptata
1559 1469 1752 1528 labare
1774 1490 1791 1542 ;
2190 1486 2287 1540 530

467 1563 530 1622 id
558 1562 720 1638 quod
749 1563 866 1620 iam
895 1579 1069 1636 supra
1094 1560 1198 1619 tibi
1226 1561 1406 1635 paulo
1434 1559 1799 1618 ostendimus
1827 1567 1983 1618 ante.

466 1674 604 1713 nam
633 1671 826 1728 neque
855 1650 1075 1710 conlidi
1104 1652 1228 1709 sine
1257 1651 1417 1709 inani
1443 1669 1618 1725 posse
1645 1650 1875 1708 videtur

469 1745 784 1820 quicquam
814 1761 925 1800 nec
955 1742 1137 1817 frangi
1165 1760 1277 1799 nec
1305 1741 1453 1799 findi
1480 1742 1539 1798 in
1570 1742 1709 1798 bina
1737 1740 1997 1799 secando

470 1854 580 1892 nec
609 1853 818 1910 capere
847 1851 1114 1891 umorem
1141 1850 1335 1907 neque
1367 1833 1507 1889 item
1537 1833 1824 1890 manabile
1855 1832 2033 1907 frigus

469 1944 579 1983 nec
608 1926 966 2000 penetralem
994 1925 1206 1999 ignem,
1237 1923 1449 1997 quibus
1477 1922 1676 1980 omnia
1706 1923 2112 1980 conficiuntur.
2192 1938 2285 1992 535

471 2027 528 2074 et
557 2034 674 2090 quo
705 2033 973 2089 quaeque
1004 2014 1184 2089 magis
1213 2014 1451 2071 cohibet
1481 2031 1572 2070 res
1600 2014 1753 2071 intus
1782 2014 1973 2086 inane,

469 2116 588 2165 tam
617 2107 799 2180 magis
831 2105 917 2163 his
947 2105 1116 2162 rebus
1145 2105 1378 2179 penitus
1408 2113 1691 2178 temptata
1718 2105 1975 2162 labascit.

471 2216 609 2272 ergo
638 2197 685 2254 si
713 2195 900 2254 solida
927 2213 996 2252 ac
1027 2195 1149 2252 sine
1180 2196 1337 2252 inani
1366 2213 1617 2269 corpora
1644 2196 1831 2269 prima

471 2297 602 2346 sunt
630 2288 709 2345 ita
734 2289 819 2344 uti
847 2285 1040 2356 docui,
1071 2287 1183 2343 sint
1212 2286 1359 2343 haec
1387 2295 1626 2343 aeterna
1652 2294 1965 2344 necessest.

470 2388 772 2454 praeterea
797 2377 906 2434 nisi
937 2379 1202 2434 materies
1231 2386 1471 2434 aeterna
1498 2377 1717 2448 fuisset,
2191 2393 2289 2446 540

472 2469 719 2527 antehac
748 2467 824 2525 ad
851 2468 1034 2524 mlum
1065 2467 1296 2541 penitus
1323 2486 1416 2524 res
1449 2485 1718 2541 quaeque
1747 2465 2034 2525 redissent

473 2559 548 2617 de
578 2559 815 2633 niloque
843 2566 1044 2615 renata
1070 2558 1262 2614 forent
1290 2575 1701 2632 quaecumque
1731 2544 2015 2616 videmus,

473 2660 530 2708 at
557 2651 837 2725 quoniam
866 2666 1038 2724 supra
1065 2647 1246 2706 docui
1276 2648 1358 2706 nil
1385 2666 1559 2723 posse
1591 2650 1772 2705 creari

474 2741 548 2799 de
577 2742 696 2799 nilo
727 2757 918 2814 neque
947 2738 1110 2814 quod
1139 2741 1402 2814 genitum
1435 2748 1522 2796 est
1552 2737 1629 2796 ad
1660 2739 1739 2796 nil
1766 2739 2042 2814 revocari,

473 2850 598 2890 esse
628 2830 916 2900 inmortali
943 2829 1265 2904 primordia
1293 2847 1539 2904 corpore
1572 2828 1811 2901 debent,
2194 2848 2287 2902 545

472 2921 710 2980 dissolui
741 2939 859 2996 quo
889 2938 1157 2995 quaeque
1188 2938 1465 2994 supremo
1493 2929 1759 2994 tempore
1787 2920 2025 2995 possint,

474 3013 741 3070 materies
769 3021 834 3069 ut
863 3010 1199 3086 subpeditet
1225 3012 1399 3068 rebus
1429 3010 1784 3085 reparandis,

475 3112 610 3161 sunt
636 3103 806 3178 igitur
834 3102 1022 3160 solida
1048 3101 1368 3176 primordia
1398 3102 1765 3175 simplicitate

473 3211 588 3251 nec
616 3194 837 3250 ratione
871 3202 1094 3267 queunt
1120 3194 1232 3249 alia
1259 3201 1481 3249 servata
1510 3209 1615 3267 per
1641 3210 1852 3250 aevom

475 3303 550 3342 ex
578 3285 804 3342 infinito
835 3286 948 3341 iam
979 3293 1242 3357 tempore
1271 3301 1362 3339 res
1390 3300 1676 3356 reparare.
2193 3299 2291 3352 550

559 3375 832 3448 Denique
863 3375 908 3431 si
938 3374 1154 3430 nullam
1182 3373 1362 3430 finem
1391 3382 1595 3431 natura
1622 3383 1880 3448 parasset

479 3464 812 3540 frangendis
839 3465 1028 3534 rebuS,
1060 3464 1174 3521 iam
1204 3481 1453 3538 corpora
1479 3464 1740 3522 materiai

481 3572 667 3629 usque
695 3554 932 3614 redacta
959 3554 1146 3612 forent
1173 3571 1318 3612 aevo
1347 3554 1648 3630 frangente
1677 3556 1885 3630 priore,
