2784 3992
483 327 555 372 12
1155 323 1620 378 LUCRETms
2208 327 2285 398 [1.

470 487 533 544 ni
561 487 810 561 spatium
840 485 1109 543 dederint
1135 485 1378 544 latices?
1419 485 1749 571 concedere
1778 505 1954 562 porro

472 595 591 651 quo
620 585 893 650 poterunt
919 574 1133 649 undae,
1164 595 1301 634 cum
1329 577 1522 651 pisces
1552 577 1631 634 ire
1661 578 2032 652 nequibunt?
2191 587 2287 649 380

470 677 569 724 aut
597 667 766 741 igitur
792 676 957 724 motu
985 666 1388 741 privandumst
1418 685 1667 741 corpora
1695 686 1965 743 quaeque

471 767 570 815 aut
598 775 724 815 esse
754 756 1076 814 admixtum
1105 756 1485 815 dicundumst
1512 758 1727 815 rebus
1713 777 1885 816 mane

471 847 630 906 unde
660 848 864 905 initum
893 847 1145 922 primum
1175 849 1368 922 capiat
1395 866 1488 906 res
1516 866 1786 923 quaeque
1816 849 2114 949 movendi.

393 958 396 962 ·
469 948 768 1014 postremo
797 937 919 995 duo
947 937 1024 995 de
1054 957 1341 997 concursu
1371 957 1621 1014 corpora
1644 939 1760 997 lata

470 1031 518 1087 si
546 1030 662 1087 cita
690 1028 986 1099 dissiliant,
1015 1047 1230 1104 nempe
1260 1031 1359 1088 a‘er
1387 1049 1565 1089 omne
1594 1039 1910 1104 necessest,
2188 1039 2284 1103 385

469 1122 621 1177 inter
647 1138 893 1194 corpora
920 1119 1084 1194 quod
1112 1121 1229 1193 fiat,
1259 1120 1523 1196 possidat
1549 1122 1739 1179 inane.

469 1212 516 1269 is
545 1230 720 1287 porro
753 1210 1016 1286 quamvis
1044 1212 1265 1269 circum
1295 1213 1679 1270 celerantibus
1707 1211 1859 1270 auris

469 1302 745 1374 confluat,
774 1300 931 1359 haud
961 1303 1176 1376 poterit
1202 1313 1400 1360 tamen
1430 1321 1551 1360 uno
1579 1311 1844 1377 tempore
1868 1311 2057 1360 totum

470 1393 750 1467 compleri
778 1395 1030 1469 spatium
1050 1415 1068 1466 3
1111 1412 1249 1450 nam
1279 1394 1533 1468 primum
1562 1411 1858 1468 quemque
1885 1403 2187 1453 necessest

467 1493 724 1558 occupet
751 1484 843 1542 ille
871 1485 1089 1556 locum,
1112 1483 1328 1541 deinde
1359 1485 1558 1542 omnia
1584 1483 2011 1558 possideantur.
2186 1505 2285 1558 390

467 1573 631 1649 quod
659 1574 706 1632 si
734 1575 880 1634 forte
909 1575 1130 1650 aliquiS‚
1161 1593 1298 1632 cum
1327 1593 1576 1648 corpora
1602 1573 1920 1646 dissiluere,

467 1674 592 1722 tum
620 1674 787 1740 putat
813 1665 876 1724 id
904 1666 1029 1723 fieri
1059 1665 1196 1740 quia
1223 1683 1286 1722 se
1317 1663 1677 1722 condenseat
1704 1665 1819 1736 aer,

468 1768 615 1815 errat
639 1779 654 1830 3
699 1777 835 1816 nam
865 1778 1113 1816 vacuum
1143 1767 1268 1816 tum
1298 1757 1362 1814 fit
1390 1756 1554 1831 quod
1579 1777 1703 1815 non
1731 1758 1838 1815 fuit
1865 1766 2001 1816 ante

465 1858 527 1907 et
551 1849 806 1923 repletur
833 1850 974 1907 item
1001 1868 1251 1906 vacuum
1281 1847 1444 1922 quod
1473 1849 1729 1906 constitit
1757 1858 1911 1922 ante,

465 1959 576 1997 nec
607 1941 704 1997 tali
732 1941 952 1998 ratione
984 1949 1177 2015 potest
1207 1939 1505 1996 denserier
1531 1939 1647 2012 aer,
2184 1958 2279 2012 395

464 2050 596 2103 nee,
626 2031 674 2088 si
701 2031 818 2088 iam
845 2042 1064 2106 posset,
1095 2031 1218 2088 sine
1249 2029 1407 2087 inani
1435 2040 1651 2104 posset,
1682 2031 1911 2105 opinor,

464 2126 589 2201 ipse
619 2126 678 2182 in
707 2143 768 2182 se
797 2126 1022 2182 trahere
1053 2134 1111 2181 et
1139 2124 1316 2199 partis
1345 2122 1680 2180 conducere
1708 2125 1770 2180 in
1798 2142 1998 2182 unum.

547 2217 935 2290 Quapropter,
966 2215 1230 2288 quamvis
1260 2212 1563 2271 causando
1592 2214 1775 2272 multa
1802 2214 2060 2285 moreriS,

465 2323 592 2363 esse
624 2307 682 2362 in
710 2306 884 2364 rebus
912 2305 1084 2362 inane
1114 2314 1312 2362 tamen
1339 2305 1555 2361 fateare
1584 2315 1897 2362 necessest.

464 2396 762 2472 multaque
792 2406 1091 2470 praeterea
1117 2395 1223 2453 tibi
1251 2413 1494 2469 possum
1517 2394 2042 2454 commemorando
2182 2416 2283 2464 400

463 2496 805 2561 argumenta
830 2485 1011 2543 fidem
1041 2485 1211 2543 dictis
1240 2483 1562 2543 conradere
1591 2485 1818 2543 nostris,

464 2595 664 2634 verum
693 2577 887 2634 animo
917 2577 1051 2634 satis
1081 2576 1228 2632 haec
1255 2575 1507 2650 vestigia.
1525 2593 1701 2650 parva
1728 2575 1917 2650 sagaci

465 2677 598 2724 sunt
625 2686 730 2741 per
757 2685 907 2742 quae
937 2667 1124 2742 possis
1155 2684 1517 2741 cognoscere
1548 2676 1743 2724 cetera
1770 2674 1911 2724 tute.

465 2776 718 2832 namque
747 2777 924 2815 canes
952 2767 1018 2815 ut
1045 2757 1411 2832 montivagae
1441 2775 1725 2832 persaepe
1753 2756 1893 2814 ferai

463 2850 694 2908 naribus
724 2849 1026 2907 inveniunt
1053 2849 1299 2906 intectas
1329 2847 1537 2905 fronde
1568 2847 1812 2921 quietes,
1953 2862 1963 2870 ·
2182 2866 2279 2919 405

463 2959 599 2997 cum
629 2940 809 2997 semel
837 2939 1163 2996 institerunt
1191 2939 1433 3014 vestigia
1460 2947 1618 2995 certa
1644 2938 1775 3010 viai,

464 3032 546 3088 sic
575 3030 691 3088 alid
720 3049 794 3087 ex
822 3030 934 3086 alio
963 3048 1069 3104 per
1096 3040 1154 3087 te
1184 3039 1305 3087 tute
1337 3030 1462 3104 ipse
1491 3028 1688 3086 videre

464 3122 668 3178 talibus
696 3122 757 3177 in
785 3121 959 3178 rebus
989 3122 1206 3196 poteris
1235 3139 1560 3193 caecasque
1590 3120 1837 3178 latebras

464 3213 752 3269 insinuare
783 3212 974 3269 omnis
1004 3221 1063 3269 et
1090 3231 1290 3268 verum
1320 3211 1659 3286 protrahere
1688 3210 1847 3268 inde.

465 3301 626 3376 quod
655 3303 702 3360 si
731 3303 971 3378 pigraris
1000 3303 1308 3376 paulumve
1338 3301 1642 3358 recesseris
1672 3302 1747 3359 ab
1772 3319 1851 3371 re,
2180 3321 2279 3370 410

465 3392 580 3449 hoc
608 3393 712 3450 tibi
740 3392 816 3450 de
845 3393 1022 3467 plano
1052 3410 1290 3466 possum
1318 3393 1677 3466 promittere,
1708 3391 1956 3448 Memmi
1979 3413 1991 3448 :

465 3499 650 3554 usque
679 3482 830 3539 adeo
860 3483 1048 3556 largos
1077 3482 1313 3539 haustus
1343 3501 1374 3538 e
1406 3481 1649 3539 fontibu'
1682 3483 1905 3556 magnis

465 3570 659 3644 lingua
684 3591 820 3630 meo
851 3574 1038 3631 suavis
1068 3572 1172 3629 diti
1203 3571 1276 3629 de
1308 3583 1545 3646 pectore
1575 3572 1795 3642 fundet,
