2784 3992
512 377 620 452 IL}
925 350 943 361 '
985 382 1095 436 DE
1146 382 1439 437 RERUM
1498 381 1840 439 NATURA

506 542 803 619 principiis
830 562 1020 602 rerum
1048 561 1490 620 nonnumquam
1521 564 1697 605 causa
1725 547 1970 621 colores,

507 634 744 706 occidit,
774 653 848 692 ex
873 636 1016 694 albis
1045 638 1320 710 quoniam
1351 655 1471 694 non
1502 638 1632 696 alba
1659 648 1941 711 creantur,

505 742 617 782 nec
647 743 797 800 quae
827 727 988 801 nigra
1015 727 1212 785 cluent
1240 727 1315 785 de
1346 729 1520 802 nigris
1549 728 1653 786 sed
1682 730 1849 787 variis
1879 748 1970 789 ex.

505 816 724 891 quippe
754 819 972 875 etenim
1002 818 1184 876 multo
1212 819 1522 893 proclivius
1552 820 1884 879 exorientur

503 905 758 965 candida
784 907 861 965 de
890 908 1047 965 nullo
1077 927 1252 983 quam
1281 910 1443 983 nigro
1473 918 1609 967 nata
1636 910 1831 968 colore

503 1005 602 1053 aut
629 997 741 1055 alio
771 999 974 1072 quovis
1005 999 1103 1073 qui
1134 1008 1336 1057 contra
1362 1008 1595 1101 pugnet
1612 1009 1672 1057 et
1699 1001 1911 1059 obstet.

584 1088 888 1145 Praeterea
915 1090 1195 1163 quoniam
1224 1099 1524 1164 nequeunt
1552 1090 1675 1147 sine
1705 1091 1835 1149 luce
1864 1092 2093 1151 colores

501 1193 628 1235 esse
657 1196 851 1252 neque
880 1179 940 1236 in
969 1180 1161 1237 lucem
1190 1180 1442 1238 existunt
1468 1179 1785 1272 primordia
1811 1200 2023 1256 rerum,

500 1268 647 1327 scire
675 1269 812 1327 licet
839 1287 1017 1345 quam
1045 1271 1159 1327 sint
1188 1272 1344 1327 nullo
1372 1272 1561 1329 velata
1589 1248 1805 1329 colore.

499 1358 683 1432 qualis
711 1359 869 1417 enim
897 1360 1088 1418 caecis
1118 1361 1329 1434 poterit
1357 1361 1522 1419 color
1548 1379 1675 1419 esse
1705 1363 1959 1421 tenebris
1974 1364 2005 1422 Ρ

497 1448 716 1508 lumine
745 1452 888 1525 quin
909 1451 1044 1526 ipso
1075 1460 1327 1509 mutatur
1353 1460 1665 1527 propterea
1696 1452 1860 1526 quod

496 1549 658 1598 recta
684 1550 784 1599 aut
811 1542 1050 1615 obliqua
1079 1559 1386 1616 percussus
1416 1542 1545 1599 luce
1573 1542 1817 1617 refulget
1839 1563 1857 1615 3

496 1631 697 1706 pluma
723 1631 1122 1689 columbarum
1152 1650 1271 1706 quo
1299 1641 1478 1707 pacto
1506 1632 1566 1689 in
1596 1632 1716 1689 sole
1747 1631 1992 1707 videtur,

496 1739 645 1796 quae
675 1722 784 1780 sita
810 1723 1065 1780 cervices
1093 1723 1313 1780 circum
1342 1723 1675 1797 collumque
1705 1734 1987 1796 coronat3

493 1830 749 1888 namque
779 1814 914 1871 alias
943 1814 1008 1871 fit
1035 1814 1118 1871 uti
1147 1815 1301 1871 claro
1332 1814 1404 1871 sit
1430 1814 1601 1871 rubra
1628 1831 1873 1890 pyropo,

494 1902 787 1961 interdum
816 1904 1076 1978 'quodam
1107 1922 1280 1963 sensu
1310 1905 1376 1962 fit
1405 1904 1489 1962 uti
1516 1902 1781 1962 videatur

493 1994 644 2053 inter
670 1996 948 2053 curalium
978 1994 1170 2053 viridis
1201 1996 1446 2053 miscere
1476 1994 1836 2070 zmaragdos,

493 2083 799 2160 caudaque
828 2086 1092 2160 pavoniS,
1122 2086 1277 2161 larga
1305 2104 1444 2143 cum
1462 2086 1592 2143 luce
1621 2085 1844 2161 repleta
1871 2094 1977 2159 est,

492 2176 780 2236 consimili
807 2186 992 2235 mutat
1018 2176 1242 2234 ratione
1271 2177 1518 2234 obversa
1545 2177 1770 2234 colores
1791 2196 1809 2249 ;

491 2267 592 2341 qui
621 2267 899 2342 quoniam
927 2266 1186 2341 quodam
1216 2267 1528 2343 gignuntur
1556 2268 1788 2325 luminis
1816 2267 1955 2341 ictu,

491 2358 636 2416 scire
664 2358 818 2429 licet,
849 2358 972 2416 sine
1003 2376 1076 2416 eo
1104 2358 1228 2416 fieri
1257 2376 1378 2416 non
1409 2376 1583 2433 posse
1613 2356 1942 2433 putandum
1971 2369 2081 2419 est.

490 2458 550 2506 et
577 2450 856 2524 quoniam
883 2449 1088 2525 plagae
1117 2447 1424 2524 quoddam
1451 2467 1637 2524 genus
1666 2449 1882 2524 excipit
1909 2449 1968 2507 in
1996 2468 2061 2509 se

489 2540 726 2615 pupula,
755 2558 894 2599 cum
921 2540 1132 2599 sentire
1161 2540 1420 2598 colorem
1450 2539 1661 2598 dicitur
1687 2540 1904 2610 album,

487 2639 663 2706 atque
691 2630 849 2690 aliud
876 2650 1069 2707 porro,
1097 2631 1328 2707 nigrum
1356 2649 1496 2689 cum
1524 2640 1585 2689 et
1612 2641 1806 2688 cetera
1832 2630 2027 2703 sentit,

486 2738 599 2780 nec
626 2723 800 2782 refert
827 2741 898 2781 ea
924 2739 1077 2799 quae
1104 2731 1308 2797 tangas
1337 2740 1459 2797 quo
1487 2722 1635 2779 forte
1664 2720 1865 2778 colore

485 2811 747 2886 praedita
773 2814 903 2885 sint,
932 2832 1133 2871 verum
1161 2813 1317 2888 quali
1345 2812 1528 2887 magis
1556 2820 1693 2887 apta
1719 2811 1919 2886 figura,

485 2903 630 2961 scire
661 2904 795 2962 licet
821 2905 901 2962 nil
928 2904 1230 2981 principiis
1254 2921 1405 2979 opus
1433 2921 1560 2961 esse
1590 2902 1819 2961 colores

483 2992 592 3051 sed
619 2994 785 3052 variis
814 2995 1011 3052 formis
1038 2995 1322 3076 variantes
1351 2994 1528 3052 edere
1556 3002 1765 3053 tactus,

564 3084 869 3143 Praeterea
896 3085 1172 3159 quoniam
1201 3103 1323 3142 non
1351 3085 1523 3142 certis
1551 3095 1709 3143 certa
1735 3083 1929 3160 figuris

483 3182 572 3232 est
598 3184 803 3233 natura
829 3176 1038 3233 coloris
1067 3184 1127 3233 et
1154 3176 1355 3233 omnia
1381 3176 1803 3251 principiorum

481 3264 865 3323 formamenta
891 3274 1114 3340 queunt
1140 3266 1200 3323 in
1230 3267 1436 3339 quovis
1466 3284 1593 3323 esse
1620 3266 1827 3336 nitore,

482 3373 586 3413 cur
612 3373 682 3413 ea
710 3374 861 3430 quae
889 3364 1161 3413 constant
1189 3374 1262 3413 ex
1292 3357 1399 3414 illis
1427 3375 1549 3414 non
1575 3356 1949 3432 paritersunt

481 3463 657 3504 omne
684 3464 868 3522 genus
896 3446 1127 3520 perfusa
1155 3446 1447 3505 coloribus
1474 3447 1535 3505 in
1561 3464 1774 3522 genere
1804 3445 2011 3505 omni?

480 3537 869 3595 conveniebat
897 3537 1052 3593 enim
1084 3529 1290 3594 corvos
1320 3555 1557 3612 quoque
1585 3555 1762 3612 saepe
1790 3535 2036 3623 volantis

480 3646 554 3686 ex
580 3627 722 3687 albis
749 3627 946 3686 album
972 3627 1167 3711 pinnis
1195 3627 1409 3685 iactare
1437 3628 1699 3686 colorem

2215 659 2313 716 790

2212 1110 2305 1166 795

2196 2458 2295 2510 810

2193 2909 2288 2975 815

2188 3364 2287 3415 820
