2784 3992
499 318 633 389 vr]
979 318 1090 370 DE
1143 318 1436 372 RERUM
1491 318 1836 375 NATURA
2179 324 2298 372 201

500 491 558 539 et
586 482 797 555 quibus
826 481 1024 541 efflant
1053 483 1241 542 causis
1269 493 1513 559 apparet
1540 485 1704 561 origo
1726 506 1744 559 3

501 573 673 631 ianua
699 592 774 632 ne
805 574 952 632 forte
980 574 1069 633 his
1098 575 1238 634 Orci
1266 576 1600 651 regionibus
1625 596 1754 636 esse

498 664 783 737 credatur,
814 675 949 741 post
977 665 1113 723 hinc
1140 667 1363 725 animas
1391 668 1741 726 Acheruntis
1768 669 1830 726 in
1857 686 1986 727 oras

499 756 714 814 ducere
744 757 890 814 forte
919 756 1065 815 deos
1093 758 1280 816 manis
1308 758 1532 817 inferne
1560 777 1806 831 reamur,

496 847 729 905 naribus
757 847 1017 921 alipedes
1046 857 1110 905 ut
1136 848 1293 905 cervi
1322 866 1499 923 saepe
1528 859 1804 924 putantur
2211 856 2303 922 765

496 936 713 995 ducere
743 937 819 995 de
849 937 1079 996 latebris
1106 940 1400 1013 serpentia
1427 940 1620 997 saecla
1645 941 1913 999 ferarum.

495 1027 659 1101 quod
686 1028 893 1102 procul
920 1046 957 1085 a
983 1045 1119 1085 vera
1146 1046 1323 1102 quam
1352 1030 1426 1088 sit
1451 1030 1676 1089 ratione
1705 1031 2002 1106 repulsum

431 1118 733 1215 Jpercipe
754 1139 771 1191 ;
816 1136 953 1175 nam
981 1117 1058 1176 de
1086 1137 1148 1177 re
1176 1138 1334 1177 nunc
1363 1120 1491 1195 ipsa
1519 1121 1716 1179 dicere
1745 1139 1948 1180 conor.

544 1244 551 1249 -
578 1209 869 1282 Principio
900 1207 1014 1267 hoc
1044 1209 1199 1280 dim,
1229 1208 1544 1283 quod'dixi
1571 1229 1748 1286 saepe
1777 1230 2014 1287 quoque
2043 1222 2199 1285 ante,

494 1298 555 1356 in
581 1309 731 1356 terra
758 1300 1039 1374 cuiusque
1069 1300 1232 1358 modi
1259 1318 1452 1358 rerum
1481 1320 1610 1360 esse
1638 1302 1848 1377 figuras
1869 1323 1887 1375 ;
2212 1323 2308 1371 770

494 1390 694 1461 multa,
725 1390 863 1448 cibo
892 1408 1043 1464 quae
1073 1401 1225 1464 sunt,
1253 1392 1466 1464 vitalia,
1495 1393 1816 1466 multaque,
1845 1394 2082 1453 morbos

494 1480 756 1539 incutere
786 1490 845 1538 et
873 1490 1122 1539 mortem
1150 1499 1301 1555 quae
1330 1483 1558 1557 possint
1585 1482 1937 1543 adcelerare.

495 1562 556 1630 et':
584 1570 769 1647 magis
797 1588 925 1629 esse
954 1571 1077 1629 aliis
1104 1572 1241 1629 alias
1269 1574 1661 1632 animantibus
1689 1583 1856 1648 aptas

492 1680 585 1720 res
614 1661 691 1719 ad
719 1662 856 1719 vitai
883 1662 1168 1719 rationem
1196 1662 1567 1722 ostendimus
1595 1673 1730 1723 ante

495 1762 739 1828 propter
766 1750 1105 1810 dissimilem
1135 1763 1402 1811 naturam
1431 1753 1839 1830 dissimilisque
2212 1772 2306 1826 775

497 1854 753 1902 texturas
783 1843 933 1901 inter
960 1860 1088 1900 sese
1117 1844 1449 1919 primasque
1478 1845 1704 1920 figuras,
1987 1840 1994 1849 ’

495 1934 677 1993 multa
705 1941 906 1991 meant
933 1933 1168 1991 inimica
1194 1952 1301 2009 per
1328 1935 1498 2008 auris,
1531 1936 1714 1993 multa
1739 1953 1845 2009 per
1873 1936 2028 2011 ipsas

495 2026 786 2084 insinuant
814 2025 968 2082 naris
999 2025 1205 2083 infesta
1232 2036 1407 2100 atque
1437 2045 1646 2101 aspera
1674 2027 1846 2098 iactu,

494 2135 605 2174 nec
635 2126 770 2174 sunt
796 2115 979 2173 multa
1006 2134 1211 2191 parum
1241 2126 1400 2173 tactu
1430 2116 1670 2174 vitanda
1695 2134 1889 2193 neque
1918 2128 2116 2176 autem

495 2218 735 2284 aspectu
766 2207 1045 2283 fugienda
1072 2225 1399 2282 saporeque
1431 2208 1612 2265 tristia
1639 2225 1790 2282 quae
1820 2208 1951 2266 sint.
2207 2216 2305 2273 780

575 2298 810 2357 Deinde
835 2290 1037 2356 'videre
1067 2299 1202 2355 licet
1230 2316 1408 2373 quam
1438 2297 1651 2356 multae
1681 2298 1794 2355 sint
1823 2298 2046 2356 homini
2074 2316 2166 2357 res

496 2390 700 2447 acriter
728 2390 937 2447 infesto
968 2407 1140 2447 sensu
1171 2406 1536 2463 spurcaeque
1565 2406 1884 2463 gravesque
1906 2409 1924 2462 3

496 2480 791 2538 arboribus
820 2480 1070 2554 primum
1102 2479 1272 2537 certis
1299 2479 1486 2554 gravis
1515 2479 1722 2536 umbra
1749 2479 1962 2537 tributa

496 2588 677 2645 usque
707 2569 881 2641 adeo,
913 2571 1117 2646 capitis
1147 2570 1362 2628 faciant
1388 2579 1455 2628 ut
1482 2587 1659 2644 saepe
1689 2568 1942 2641 doloreS,

497 2660 672 2737 siquis
702 2678 801 2718 eas
829 2670 1028 2736 supter
1057 2661 1231 2719 iacuit
1260 2671 1576 2737 prostratus
1605 2660 1664 2717 in
1694 2659 1907 2718 herbis,
2213 2666 2304 2729 785

498 2761 584 2809 est
610 2752 787 2809 etiam
818 2752 1042 2827 magnis
1076 2752 1383 2810 Heliconis
1414 2752 1708 2808 montibus
1738 2750 1909 2808 arbos

498 2842 648 2901 floris
677 2842 863 2900 odore
894 2842 1195 2900 hominem
1223 2852 1410 2901 taetro
1439 2851 1721 2900 consueta
1748 2858 1988 2923 necare.

497 2934 718 2991 scilicet
748 2932 895 2990 haec
926 2932 1063 2991 ideo
1092 2934 1252 2991 terris
1282 2951 1355 2990 ex
1383 2933 1581 2991 omnia
1609 2939 1867 3006 surgunt,

498 3024 677 3083 multa
705 3022 899 3082 modis
930 3023 1119 3081 multis
1148 3024 1454 3081 multarum
1487 3023 1710 3081 semina
1738 3039 1931 3079 rerum
2181 3096 2186 3102 .

498 3115 659 3191 quod
688 3114 975 3190 permixta
1000 3114 1144 3189 gerit
1174 3114 1340 3171 tellus
1369 3113 1738 3187 discretaque
1767 3110 1961 3170 tradit.
2212 3129 2308 3183 790

498 3216 966 3279 nocturnumque
995 3222 1198 3261 recens
1226 3205 1548 3261 extinctum
1575 3204 1776 3261 lumen
1804 3203 1904 3261 ubi
1931 3201 2052 3259 acri

498 3296 703 3355 nid‘ore
733 3294 979 3353 offendit
1008 3312 1192 3364 nares,
1222 3295 1497 3368 consopit
1525 3294 1767 3365 ibidem,

498 3386 815 3445 concidere
844 3396 903 3443 et
931 3404 1165 3460 spumas
1195 3386 1293 3458 qui
1325 3386 1534 3443 morbo
1564 3386 1792 3443 mittere
1823 3382 2024 3442 suevit.

500 3488 884 3551 castoreoque
912 3478 1070 3551 gravi
1099 3476 1303 3533 mulier
1330 3477 1522 3550 sopita
1549 3476 1840 3534 recumbit

498 3578 560 3628 et
586 3568 855 3627 manibus
883 3566 1133 3625 nitidum
1160 3567 1372 3624 teneris
1402 3584 1552 3641 opus
1581 3566 1765 3624 effluit
1793 3566 1864 3635 ei,
2212 3579 2302 3634 795
