2784 3992
496 313 580 374 26
1169 325 1635 379 LUCRE‘rlUs
2225 323 2298 395 [1.

493 505 566 544 ex
595 486 947 562 alienigeni5‚
977 503 1130 561 quae
1158 485 1320 544 terris
1349 485 1705 544 exoriuntur.

492 579 734 635 transfer
762 579 921 648 item,
951 577 1198 635 totidem
1226 577 1415 635 verbis
1443 585 1603 634 utare
1633 575 1847 634 licebit.
2206 583 2303 644 870

493 669 551 726 in
582 670 747 744 lignis
777 669 824 725 si
853 668 1088 726 flamma
1113 667 1252 725 latet
1282 669 1592 741 fumusque
1623 667 1906 741 cinisque,

491 778 565 816 ex
593 759 930 835 alienigenis
959 759 1275 817 consistant
1305 758 1461 833 ligna
1488 767 1800 817 necessest.

490 860 790 924 praeterea
817 851 984 908 tellus
1013 867 1163 924 quae
1193 867 1442 923 corpora
1470 866 1723 923 cumque
1754 849 1869 919 alit,
1900 856 2074 923 auget

1374 946 1411 984 =11=

489 1049 562 1087 ex
590 1031 942 1106 alienigeniS,
975 1048 1127 1106 quae
1159 1030 1327 1106 lignis
1356 1029 1445 1088 his
1476 1029 1753 1089 oriuntur.

570 1123 873 1196 Linquitur
901 1122 995 1180 hic
1025 1120 1319 1197 quaedam
1350 1120 1612 1179 latitandi
1641 1121 1815 1197 copia
1842 1120 2045 1193 tenviS,
2204 1127 2298 1191 875

488 1210 549 1269 id
578 1212 740 1286 quod
768 1214 1140 1288 Anaxagoras
1170 1211 1281 1271 sibi
1310 1212 1505 1284 sumit,
1534 1222 1597 1270 ut
1624 1211 1897 1270 omnibus
1926 1210 2115 1270 omnis

486 1320 577 1360 res
605 1312 773 1378 putet
799 1303 1068 1362 inmixtas
1095 1305 1270 1362 rebus
1300 1302 1540 1374 latitare,
1573 1302 1679 1360 sed
1708 1301 1851 1361 illud

487 1411 766 1468 apparere
796 1412 978 1451 unum
1008 1395 1173 1452 cuius
1202 1394 1319 1452 sint
1346 1393 1597 1469 plurima
1624 1394 1804 1450 mixta

485 1493 544 1541 et
573 1485 754 1559 magis
783 1485 842 1541 in
871 1494 1147 1560 promptu
1180 1484 1487 1559 primaque
1517 1484 1579 1541 in
1606 1484 1794 1542 fronte
1822 1481 2033 1540 locata.

484 1574 648 1649 quod
675 1584 872 1632 tamen
901 1594 937 1632 a
963 1593 1099 1632 vera
1126 1576 1298 1651 longe
1327 1575 1554 1633 ratione
1582 1574 1946 1650 repulsumst.
2202 1581 2301 1632 880

483 1666 871 1723 conveniebat
901 1667 1058 1723 enim
1088 1667 1278 1741 fruges
1309 1683 1549 1741 quoque
1580 1683 1774 1740 saepe,
1805 1663 2020 1722 minaci

481 1757 691 1814 robore
716 1775 850 1813 cum
881 1757 1003 1814 saxi
1032 1757 1382 1832 franguntur,
1418 1757 1646 1814 mittere
1676 1757 1901 1830 signum

482 1847 776 1921 sanguinis
801 1858 906 1914 aut
932 1847 1168 1921 aliquid,
1200 1858 1401 1921 nostro
1432 1866 1584 1922 quae
1616 1865 1861 1921 corpore
1891 1847 2135 1905 aluntur.

481 1938 768 1994 consimili
796 1939 1018 1995 ratione
1050 1937 1242 1996 herbis
1271 1957 1507 2014 quoque
1539 1957 1715 2014 saepe
1747 1937 2015 2010 decebat,

479 2047 617 2084 cum
647 2028 825 2102 lapidi
855 2030 914 2086 in
943 2028 1199 2102 lapidem
1229 2031 1486 2100 terimus,
1518 2048 1752 2087 manare
1782 2047 2088 2100 cruorem;
2198 2037 2292 2100 885

480 2128 540 2176 et
567 2119 766 2176 latices
795 2118 980 2177 dulcis
1009 2129 1199 2194 guttas
1229 2121 1517 2196 similique
1548 2138 1754 2195 sapore

479 2211 722 2281 mittere,
754 2210 1041 2285 lanigerae
1072 2211 1227 2285 quali
1257 2222 1390 2269 sunt
1422 2213 1599 2269 ubere
1630 2211 1813 2284 lactis,

478 2301 701 2359 scilicet
729 2310 787 2358 et
814 2301 996 2376 glebis
1026 2311 1302 2360 terrarum
1333 2320 1509 2376 saepe
1540 2303 1715 2360 friatis

479 2390 787 2448 herbarum
817 2409 1033 2466 genera
1060 2402 1120 2450 et
1147 2393 1336 2468 fruges
1365 2391 1722 2467 frondesque
1751 2391 1935 2451 videri

479 2481 780 2556 dispertita
797 2483 945 2540 inter
973 2491 1181 2539 terram
1209 2483 1429 2541 latitare
1459 2484 1701 2557 minute,
2194 2489 2293 2555 890

476 2581 773 2646 postremo
803 2573 863 2630 in
891 2573 1059 2648 lignis
1089 2573 1347 2630 cinerem
1377 2574 1720 2650 fumumque
1750 2573 1950 2645 videri,

476 2682 612 2719 curn
641 2664 962 2738 praefracta
989 2665 1198 2735 forent,
1228 2664 1493 2739 ignisque
1522 2665 1699 2723 latere
1730 2666 2003 2724 minutos

477 2771 725 2828 quorum
754 2755 835 2811 nil
864 2754 986 2812 fieri
1016 2755 1297 2829 quoniam
1327 2754 1635 2813 manifesta
1662 2755 1841 2814 docet
1868 2775 1977 2827 τες,

475 2844 620 2901 scire
649 2844 786 2902 licet
812 2863 934 2902 non
960 2863 1090 2903 esse
1120 2845 1182 2902 in
1209 2845 1382 2904 rebus
1412 2864 1502 2904 res
1531 2847 1611 2903 ita
1639 2847 1862 2917 mixtas,

474 2952 675 2991 verum
706 2936 930 2991 semina
955 2933 1315 2994 multimodis
1345 2936 1589 2992 inmixta
1615 2935 1791 2992 latere
2190 2944 2286 3010 895

475 3025 782 3081 multarum
809 3041 1002 3081 rerum
1031 3025 1092 3082 in
1117 3026 1290 3083 rebus
1319 3026 1658 3083 communia
1685 3024 1922 3084 debent.

557 3117 572 3144 ‘
592 3115 668 3171 At
697 3132 874 3190 saepe
903 3115 963 3171 in
992 3116 1212 3190 magnis
1242 3115 1306 3172 fit
1332 3116 1647 3174 montibus'
1679 3115 1869 3190 inquis
1893 3120 1908 3147 ‘
1928 3126 1992 3175 ut
2018 3117 2147 3176 altis

473 3205 772 3264 arboribus
799 3205 991 3263 vicina
1017 3206 1326 3262 cacumina
1353 3225 1582 3263 summa
1609 3216 1867 3263 terantur

475 3297 623 3354 inter
651 3315 733 3370 se,
762 3294 965 3353 validis
995 3295 1184 3352 facere
1217 3294 1276 3351 id
1306 3297 1651 3370 cogentibus
1680 3297 1901 3368 austriS‚

474 3387 670 3445 donec
699 3386 952 3445 flammai
982 3386 1261 3443 fulserunt
1288 3386 1429 3443 flore
1458 3389 1702 3444 coorto!
2124 3452 2129 3458 ¹
2187 3409 2287 3460 900

475 3479 696 3536 scilicet
725 3488 782 3536 et
808 3496 931 3536 non
961 3486 1048 3535 est
1077 3477 1246 3551 lignis
1274 3485 1473 3534 tamen
1503 3478 1701 3534 insitus
1731 3478 1897 3552 igniS‚

476 3586 677 3626 verum
706 3569 928 3626 semina
953 3577 1090 3626 sunt
1117 3566 1339 3626 ardoris
1370 3566 1569 3640 multa,
1600 3566 1846 3626 terendo
