2784 3992
497 315 608 389 11.]
976 317 1087 371 DE
1138 315 1430 373 RERUM
1485 316 1828 374 NATURA

491 499 602 538 nec
629 481 781 539 bene
811 480 1138 555 promeritis
1166 480 1395 554 capitur
1423 498 1617 555 neque
1648 481 1901 556 tangitur
1927 482 2028 539 ira.

491 571 586 628 hic
616 572 793 645 siquis
822 588 982 627 mare
1013 571 1358 644 Neptunum
1391 572 1787 645 Cereremque
1815 589 2024 629 vocare

490 663 789 719 constituit
816 662 1007 736 fruges
1037 670 1095 719 et
1124 660 1340 718 Bacchi
1371 662 1612 719 nomine
1642 662 1802 720 abuti

492 753 707 810 mavolt
734 771 911 827 quam
938 752 1122 809 laticis
1150 752 1452 826 proprium
1480 751 1735 826 proferre
1764 770 2072 824 vocamen,

491 842 892 901 concedamus
920 850 984 899 ut
1011 841 1106 898 hic
1136 850 1414 899 terrarum
1445 841 1672 899 dictitet
1701 843 1906 901 orbem

491 952 617 991 esse
648 933 828 991 deum
856 932 1294 1003 matrem,-dum
1321 950 1459 990 vera
1485 950 1548 990 re
1577 942 1776 991 tamen
1805 934 1930 1009 ipse

490 1025 765 1099 religione
794 1024 1054 1080 animum
1084 1024 1234 1097 turpi
1264 1023 1603 1098 contingere
1631 1033 1851 1099 parcat.

489 1124 639 1172 terra
666 1109 903 1188 quidem
932 1102 1072 1171 {tero
1101 1122 1259 1171 caret
1286 1114 1450 1171 omni
1478 1123 1743 1189 tempore
1772 1132 1964 1187 sensu,

491 1214 549 1263 et
579 1206 716 1279 quia
743 1205 1054 1261 multarum
1081 1204 1300 1279 potitur
1325 1205 1646 1279 primordia
1672 1222 1884 1280 rerum,

490 1296 671 1353 multa
698 1294 891 1353 modis
920 1295 1113 1351 multis
1145 1294 1308 1351 effert
1335 1295 1395 1351 in
1423 1295 1643 1353 lumina
1671 1296 1824 1353 solis,

570 1387 756 1462 Saepe
785 1387 980 1460 itaque
1010 1403 1084 1442 ex
1110 1403 1231 1443 uno
1262 1384 1576 1443 tondentes
1604 1387 1866 1460 gramina
1894 1405 2110 1463 campo

488 1477 777 1552 lanigerae
806 1476 1069 1552 pecudes
1098 1485 1158 1534 et
1187 1494 1473 1550 equorum
1502 1476 1752 1534 duellica
1780 1478 1972 1552 proles

488 1568 876 1641 buceriaeque
904 1585 1108 1643 greges
1137 1566 1353 1625 eodem
1382 1567 1491 1625 sub
1519 1568 1778 1642 tegmine
1812 1569 1958 1626 caeli

490 1676 564 1715 ex
590 1676 828 1733 unoque
858 1658 1011 1715 sitim
1039 1657 1312 1715 sedantes
1341 1657 1578 1715 flumine
1609 1658 1784 1732 aquai

490 1748 747 1807 dissimili
775 1750 974 1806 vivont
1002 1748 1197 1823 specie
1226 1748 1596 1822 retinentque
1627 1758 1934 1823 parentum

488 1849 752 1897 naturam
781 1849 839 1896 et
868 1857 1059 1896 mores
1087 1838 1409 1913 generatim
1438 1856 1707 1913 quaeque
1738 1840 2049 1897 imitantur.

489 1940 648 1989 tanta
676 1939 762 1987 est
789 1929 850 1987 in
879 1930 1083 2004 quovis
1110 1947 1325 2003 genere
1356 1928 1570 1986 herbae
1601 1930 1860 1987 materiai

490 2021 777 2079 dissimilis
804 2020 967 2090 ratio,
998 2028 1159 2077 tanta
1188 2028 1275 2077 est
1303 2020 1364 2076 in
1393 2018 1631 2077 flumine
1662 2038 1918 2094 quoque.

489 2112 624 2170 hinc
652 2129 828 2187 porro
859 2111 1122 2184 quamvis
1150 2110 1509 2167 animantem
1539 2128 1615 2167 ex
1641 2111 1910 2168 omnibus
1939 2129 2118 2168 unam

488 2220 620 2260 ossa
647 2220 819 2259 cruor
844 2219 1029 2259 venae
1059 2200 1217 2257 calor
1246 2218 1415 2257 umor
1443 2198 1665 2258 viscera
1692 2189 1852 2258 nervi

488 2294 849 2351 constituunt
869 2312 888 2365 3
930 2310 1081 2366 quae
1110 2300 1243 2349 sunt
1268 2308 1445 2366 porro
1475 2290 1747 2349 distantia
1774 2293 1966 2367 longe,

488 2382 751 2441 dissimili
780 2384 1040 2458 perfecta
1065 2382 1247 2457 figura
1273 2382 1713 2456 principiorum.

486 2483 611 2531 tum
639 2491 816 2548 porro
847 2490 1254 2547 quaecumque
1284 2464 1404 2547 igni
1431 2472 1726 2530 flammata
1753 2483 2098 2545 cremantur,

486 2564 533 2621 si
560 2564 641 2621 nil
668 2574 987 2639 praeterea,
1016 2573 1211 2621 tamen
1237 2562 1389 2621 haec
1419 2563 1480 2619 in
1509 2581 1757 2637 corpore
1791 2562 2058 2621 condunt

480 2653 644 2712 'unde
674 2654 871 2729 ignem
899 2654 1088 2711 iacere
1118 2664 1178 2711 et
1206 2654 1404 2725 lumen
1435 2653 1793 2710 summittere
1823 2654 2049 2727 possint

486 2747 877 2820 scintillasque
904 2764 1078 2821 agere
1107 2765 1179 2804 ac
1205 2746 1319 2806 late
1349 2734 1578 2802 differre
1608 2746 1872 2805 favillam.

487 2848 683 2895 cetera
708 2837 997 2894 consimili
1029 2837 1240 2895 mentis
1268 2836 1493 2893 ratione
1523 2854 1834 2911 peragrans

487 2928 747 2986 invenies
776 2927 949 3002 igitur
976 2927 1286 2985 multarum
1314 2927 1544 2985 semina
1570 2945 1761 2984 rerum

486 3035 735 3093 corpore
765 3018 953 3074 celare
983 3026 1042 3074 et
1069 3016 1251 3075 varias
1274 3018 1550 3075 cohibere
1580 3016 1805 3093 figur'aS.

486 3107 744 3183 denique
772 3107 953 3165 multa
980 3093 1157 3165 vides·
1174 3108 1385 3181 quibus
1415 3119 1474 3166 et
1503 3110 1665 3166 color
1693 3118 1752 3166 et
1780 3126 1953 3183 sapor
1979 3126 2096 3166 una

485 3198 717 3257 reddita
743 3206 878 3256 sunt
906 3216 1045 3255 cum
1072 3196 1256 3255 odore
1281 3219 1292 3255 :
1339 3198 1401 3255 in
1428 3198 1628 3273 primis
1657 3200 1935 3275 pleraque
1965 3199 2123 3257 dona

486 3379 636 3437 haec
664 3378 837 3454 igitur
861 3377 1029 3435 variis
1057 3375 1279 3436 debent
1305 3386 1574 3438 constare
1601 3378 1798 3455 figuris
1817 3400 1836 3453 ;

486 3468 660 3528 nidor
686 3468 844 3526 enim
871 3477 1139 3544 penetrat
1167 3486 1284 3542 qua
1311 3469 1479 3527 fucus
1508 3486 1630 3526 non
1658 3470 1702 3527 it
1730 3470 1791 3527 in
1819 3480 1992 3540 artuS‚

485 3561 655 3619 fucus
681 3560 823 3618 item
852 3578 1097 3630 sorsum,
1126 3578 1353 3619 sorsum
1382 3578 1558 3637 sapor
1585 3560 1906 3618 insinuatur

2222 318 2300 387 53

2202 2207 2303 2269 670

2202 2661 2296 2725 675

2201 3115 2301 3165 680
