2784 3992
438 327 485 390 6
1111 335 1571 392 LUCRETIUS

438 510 498 560 at
524 519 680 558 nunc
710 499 1027 558 seminibus
1057 500 1191 574 quia
1220 499 1392 557 certis
1424 515 1693 573 quaeque
1724 506 2011 570 creantur,

439 592 575 649 inde
605 592 895 651 enascitur
923 602 1095 664 atque
1125 609 1254 648 oras
1283 591 1340 647 in
1371 590 1603 648 luminis
1633 590 1767 661 exit,

439 683 704 740 materies
737 683 834 739 ubi
865 683 1010 738 inest
1040 683 1319 755 cuiusque
1350 691 1408 738 et
1438 698 1684 753 corpora
1711 680 1897 754 prima
1919 700 1935 750 3

437 784 610 848 atque
641 773 749 830 hac
779 791 839 829 re
870 781 1170 844 nequeunt
1199 791 1270 828 ex
1298 771 1567 828 omnibus
1597 771 1794 827 omnia
1819 771 1995 846 gigni,
2020 812 2029 822 .

438 863 599 938 quod
629 864 797 920 certis
829 864 886 919 in
917 863 1088 919 rebus
1121 862 1270 918 inest
1299 871 1522 918 secreta
1549 861 1804 918 facultas.

436 965 737 1030 praeterea
764 972 867 1009 cur
895 971 1028 1010 vere
1059 971 1270 1030 rosam2
1301 953 1591 1020 frumenta
1619 951 1828 1023 calore,

426 1046 581 1102 ⁴vites
610 1055 890 1102 autumno
922 1044 1084 1102 fundi
1113 1041 1397 1100 suadente
1428 1040 1709 1112 videmuS,

438 1136 483 1193 si
512 1154 651 1206 non,
682 1145 839 1192 certa
868 1153 974 1192 suo
1005 1135 1141 1209 quia
1168 1143 1434 1209 tempore
1465 1132 1688 1189 semina
1713 1150 1905 1189 rerum

438 1245 574 1283 cum
603 1226 1025 1296 confluxerunt,
1056 1225 1258 1299 patefit
1287 1223 1708 1299 quodcumque
1740 1233 1983 1290 creatur,

439 1316 578 1374 dum
609 1325 984 1390 tempestates
1013 1314 1227 1373 adsunt
1257 1323 1315 1373 et
1342 1314 1537 1372 vivida
1564 1313 1729 1371 tellus

437 1417 562 1465 tuto
591 1426 680 1464 res
709 1417 936 1464 teneras
967 1406 1130 1464 effert
1156 1407 1217 1463 in
1245 1406 1476 1464 luminis
1506 1405 1676 1463 oras?

437 1496 598 1571 quod
627 1498 674 1554 si
702 1497 777 1554 de
807 1498 926 1556 nilo
953 1498 1176 1567 fierent,
1207 1497 1399 1554 subito
1429 1504 1803 1554 exorerentur

437 1589 658 1645 incerto
687 1589 874 1662 spatio
903 1599 1077 1662 atque
1107 1588 1306 1646 alienis
1334 1589 1591 1662 partibus
1620 1586 1775 1656 anni,

436 1680 653 1752 quippe
685 1679 781 1735 ubi
814 1679 967 1736 nulla
995 1679 1184 1736 forent
1212 1678 1532 1754 primordia
1560 1696 1710 1752 quae
1741 1676 1974 1751 genitali

434 1770 685 1827 concilio
715 1779 958 1844 possent
985 1771 1166 1827 arceri
1195 1780 1461 1844 tempore
1492 1770 1710 1843 iniquo.

435 1879 546 1916 nec
577 1878 751 1933 porro
780 1859 1062 1934 augendis
1090 1860 1263 1918 rebus
1292 1861 1481 1935 spatio
1510 1861 1656 1917 foret
1684 1878 1821 1916 usus

435 1951 669 2007 seminis
698 1949 775 2007 ad
804 1951 1042 2021 coitum,
1073 1952 1121 2008 si
1151 1969 1184 2010 e
1213 1951 1332 2008 nilo
1363 1969 1623 2009 crescere
1653 1959 1894 2024 possent
1915 1971 1931 2020 ;

434 2060 571 2097 nam
599 2041 804 2098 fierent
832 2027 1070 2100 iuvenes
1099 2043 1291 2100 subito
1321 2061 1395 2099 ex
1423 2042 1722 2099 infantibu'
1752 2042 1941 2115 parvis

435 2150 468 2188 e
497 2141 764 2205 terraque
794 2119 995 2190 exorta
1021 2142 1261 2206 repente
1291 2134 1525 2190 arbusta
1552 2132 1799 2190 salirent.

436 2241 685 2295 quorum
714 2223 794 2278 nil
821 2223 945 2279 fieri
974 2223 1343 2280 manifestum
1373 2234 1479 2293 est,
1510 2224 1707 2281 omnia
1735 2220 1972 2297 quando

435 2314 710 2386 paulatim
740 2323 1023 2385 crescunt,
1055 2322 1118 2370 ut
1148 2331 1251 2387 par
1278 2325 1382 2385 est,
1414 2314 1635 2371 semine
1667 2323 1828 2370 certo

435 2413 880 2477 crescentesque
909 2421 1092 2478 genus
1121 2413 1348 2461 servant
1369 2425 1387 2476 3
1432 2415 1493 2461 ut
1521 2422 1763 2462 noscere
1793 2402 1981 2479 possis

436 2495 690 2568 quicque
720 2513 823 2551 sua
850 2494 925 2551 de
958 2494 1195 2550 materia
1221 2492 1603 2568 grandescere
1634 2495 1842 2568 alique.
1882 2519 1947 2531 -‘

437 2584 550 2640 huc
581 2584 812 2641 accedit
843 2585 925 2641 uti
955 2585 1078 2641 sine
1109 2585 1278 2641 certis
1308 2585 1585 2642 imbribus
1614 2586 1752 2662 anni

438 2674 716 2731 laetificos
744 2684 998 2748 nequeat
1026 2675 1175 2731 fetus
1205 2675 1542 2733 submittere
1572 2676 1738 2734 tellus

437 2783 549 2822 nec
579 2783 751 2839 porro
781 2775 1005 2822 secreta
1033 2766 1166 2822 cibo
1198 2775 1401 2822 natura
1426 2766 1785 2823 animantum

437 2874 756 2931 propagare
786 2875 968 2930 genus
998 2857 1180 2930 possit
1208 2857 1501 2929 vitamque
1531 2857 1713 2928 tueri3

439 2957 500 3003 ut
527 2947 721 3021 potius
751 2947 942 3003 multis
972 2947 1309 3004 communia
1337 2965 1585 3020 corpora
1610 2947 1781 3004 rebus

437 3037 619 3094 multa
644 3047 815 3112 putes
845 3056 990 3108 esse,
1016 3047 1078 3094 ut
1107 3038 1295 3094 verbis
1326 3037 1617 3094 elementa
1642 3036 1927 3108 videmuS‚

438 3147 615 3202 quam
644 3129 765 3184 sine
796 3128 1092 3202 principiis
1121 3128 1291 3184 ullam
1323 3146 1447 3184 rem
1478 3129 1719 3185 existere
1748 3145 1941 3203 posse.

438 3218 694 3292 denique
723 3236 827 3275 cur
854 3218 1121 3296 homines
1151 3227 1340 3275 tantos
1369 3228 1573 3275 natura
1599 3236 1797 3292 parare

439 3327 560 3366 non
587 3309 794 3383 potuit,
825 3307 1074 3382 pedibus
1103 3310 1202 3382 qui
1230 3319 1481 3384 pontum
1509 3327 1615 3383 per
1643 3308 1791 3365 vada
1816 3317 2057 3384 possent

439 3399 675 3454 transire
706 3408 764 3455 et
787 3417 1034 3473 magnos
1064 3400 1327 3479 manibus
1357 3399 1628 3456 divellere
1648 3399 1874 3478 giontis

440 3488 736 3560 multaque
763 3487 1016 3580 givendo
1033 3489 1235 3566 gitalia
1249 3490 1491 3574 gincere
1522 3490 1727 3559 saecla,

442 3577 490 3634 si
519 3594 658 3647 non,
689 3580 954 3636 materies
984 3581 1122 3653 quia
1149 3581 1319 3636 rebus
1347 3579 1579 3637 reddita
1607 3589 1815 3654 certast

2174 335 2248 406 [1.

2160 609 2250 655 170

2160 1059 2247 1113 Ι75

2159 1501 2248 1551 180

2158 1956 2244 2019 185

2156 2423 2245 2474 190

2156 2873 2245 2927 195

2153 3329 2247 3365 200
