2784 3992
473 316 553 395 58
1135 329 1599 383 LUCRETms
2162 326 2274 399 [11.

469 498 528 547 et
556 489 750 563 nigros
776 488 903 547 fieri
930 489 1094 565 nigro
1124 488 1199 548 de
1229 489 1453 547 semine
1482 507 1701 566 cycnos

468 590 567 639 aut
594 579 708 638 alio
741 580 946 653 quovis
974 598 1094 637 uno
1123 580 1401 654 varioque
1431 580 1645 638 colore.
2180 586 2274 651 825

439 741 448 749 ,
550 671 708 746 Quin
739 671 915 727 etiam
943 680 1165 745 quanto
1193 672 1253 728 in
1281 679 1474 745 partes
1502 688 1593 728 res
1622 687 1892 745 quaeque
1920 669 2171 729 minutas

467 762 798 821 distrahitur
828 762 1027 836 magiS,
1061 762 1175 819 hoc
1203 762 1386 837 magis
1418 771 1505 819 est
1532 771 1596 819 ut
1625 778 1861 819 cernere
1891 762 2077 837 possis

467 872 813 912 evanescere
842 853 1121 928 paulatim
1150 852 1480 927 stinguique
1511 852 1770 910 colorem
1790 872 1809 925 ;

467 954 528 1001 ut
556 944 620 1003 fit
647 944 748 1003 ubi
777 945 836 1001 in
864 961 1068 1019 parvas
1095 944 1274 1018 partis
1303 942 1650 1017 discerpitur
1677 951 1973 1000 austrum:

466 1054 718 1111 purpura
742 1035 1179 1110 poeniceusque
1209 1034 1371 1091 color
1398 1033 1761 1092 clarrissimu'
1792 1034 1994 1105 mult0,
2168 1040 2270 1103 830

467 1126 666 1183 filatim
695 1144 832 1184 cum
861 1125 1198 1183 distractum
1232 1133 1339 1196 est,
1372 1123 1721 1200 dispergitur
1748 1124 1939 1182 omnis
1958 1144 1979 1197 3

468 1235 710 1274 noscere
739 1226 803 1274 ut
831 1214 968 1273 hinc
995 1214 1182 1291 possis
1210 1214 1368 1290 prius
1397 1232 1639 1272 omnem
1669 1214 1864 1272 efflare
1893 1214 2152 1273 colorem

469 1307 776 1381 particulas
806 1324 982 1380 quam
1013 1304 1320 1364 discedant
1349 1303 1428 1363 ad
1456 1305 1682 1363 semina
1707 1323 1916 1364 rerum.

549 1399 853 1455 Postremo
882 1398 1160 1471 quoniam
1188 1414 1310 1455 non
1338 1396 1539 1455 omnia
1567 1413 1816 1471 corpora
1842 1413 2054 1455 vocem

467 1489 692 1546 mittere
722 1484 1003 1546 concedis
1031 1505 1224 1561 neque
1254 1486 1520 1559 odorem,
1551 1496 1862 1562 propterea
1886 1486 1953 1545 fit
2179 1494 2273 1559 835

465 1589 529 1636 ut
556 1597 678 1637 non
706 1580 978 1637 omnibus
1007 1577 1300 1636 adtribuas
1330 1579 1553 1636 sonitus
1582 1588 1642 1636 et
1670 1578 1899 1636 odores,

366 1679 376 1685 '
466 1670 549 1727 sic
578 1671 760 1728 oculis
790 1669 1068 1744 quoniam
1095 1687 1216 1726 non
1245 1670 1446 1727 omnia
1473 1687 1713 1727 cernere
1743 1669 1994 1743 quimus,

466 1761 610 1818 scire
639 1761 776 1818 licet
805 1760 1096 1836 quaedam
1124 1769 1241 1817 tam
1272 1769 1540 1818 constare
1570 1760 1713 1818 orba
1741 1760 1937 1819 colore

466 1868 641 1925 quam
670 1852 794 1909 sine
825 1849 1008 1909 odore
1037 1852 1154 1908 ullo
1184 1850 1477 1925 quaedam
1506 1850 1816 1925 sonituque
1845 1859 2087 1923 remota,

465 1960 578 1999 nec
607 1942 796 2000 minus
826 1941 971 1999 haec
1001 1942 1265 1999 animum
1296 1959 1655 2018 cognoscere
1687 1958 1859 2017 posse
1883 1959 2153 2017 sagacem
2178 1948 2277 2010 840

465 2050 640 2107 quam
671 2050 820 2106 quae
849 2042 983 2090 sunt
1009 2032 1133 2091 aliis
1159 2033 1333 2090 rebus
1361 2034 1584 2107 privata
1606 2041 1826 2091 notare.

545 2122 662 2181 Sed
691 2141 766 2180 ne
797 2122 942 2181 forte
972 2132 1141 2197 putes
1170 2124 1296 2180 solo
1326 2124 1575 2198 spoliata
1602 2122 1797 2180 colore

464 2231 711 2290 corpora
735 2214 923 2288 prima
947 2231 1202 2284 manere,
1233 2214 1409 2272 etiam
1438 2224 1660 2272 secreta
1688 2213 1903 2289 teporis

464 2314 598 2363 sunt
626 2324 695 2362 ac
723 2304 944 2379 frigoris
973 2305 1217 2362 omnino
1246 2304 1540 2379 calidique
1568 2306 1817 2380 vaporiS,

465 2403 524 2452 et
551 2395 741 2452 sonitu
770 2394 961 2452 sterila
989 2403 1048 2452 et
1075 2412 1219 2451 suco
1248 2394 1443 2452 ieiuna
1468 2395 1745 2466 feruntur,
2178 2402 2274 2467 845

464 2504 575 2542 nec
605 2486 820 2543 iaciunt
847 2484 1028 2542 ullum
1056 2485 1356 2559 proprium
1386 2483 1463 2542 de
1493 2503 1739 2560 corpore
1770 2486 2034 2545 odorem.

464 2576 612 2633 sicut
639 2575 950 2634 amaracini
977 2575 1261 2634 blandum
1291 2585 1634 2650 stactaeque
1662 2576 1949 2651 liquorem

465 2675 523 2724 et
550 2666 714 2723 nardi
742 2666 966 2738 florem,
995 2676 1197 2724 nectar
1225 2668 1327 2742 qui
1349 2668 1585 2725 naribus
1615 2667 1789 2739 halat,

463 2775 600 2814 cum
627 2757 817 2814 facere
847 2756 1128 2830 instituaS‚
1159 2776 1296 2815 cum
1322 2758 1524 2833 primis
1554 2776 1830 2832 quaerere
1859 2776 1965 2833 par
1991 2766 2097 2829 est,

465 2847 662 2921 quoad
688 2847 827 2905 licet
854 2865 923 2905 ac
952 2847 1139 2923 possis
1167 2848 1439 2922 reperire,
1468 2847 1739 2905 inolentis
1768 2847 1902 2905 olivi
2176 2854 2274 2917 850

464 2947 747 3009 naturam,
776 2938 993 2995 nullam
1022 2956 1173 3012 quae
1201 2938 1390 2996 mittat
1418 2938 1652 2996 naribus
1682 2956 1900 3011 auram,

465 3046 643 3102 quam
670 3028 909 3085 minime
937 3037 1002 3085 ut
1027 3028 1212 3103 possit
1239 3028 1453 3085 mixtos
1484 3028 1545 3085 in
1573 3046 1818 3104 corpore
1849 3028 2061 3086 odores

465 3127 904 3191 concoctosque
933 3136 1040 3175 suo
1070 3127 1441 3175 contractans
1468 3117 1717 3193 perdere
1746 3119 1889 3191 viro,

463 3218 702 3284 propter
729 3207 980 3265 eandem
1007 3227 1132 3265 rem
1161 3208 1382 3266 debent
1410 3208 1730 3283 primordia
1757 3227 1949 3267 rerum

463 3320 584 3359 non
613 3300 890 3359 adhibere
918 3320 1085 3359 suum
1117 3300 1431 3376 gignundis
1459 3302 1632 3360 rebus
1662 3301 1907 3359 odorem
2174 3309 2266 3373 855

463 3411 576 3450 nec
606 3393 878 3465 sonitum,
910 3392 1190 3466 quoniam
1218 3392 1298 3449 nil
1325 3394 1401 3451 ab
1431 3411 1493 3449 se
1523 3393 1751 3449 mittere
1778 3400 2044 3469 possunt,

463 3501 575 3540 nec
605 3484 770 3540 simili
799 3483 1022 3540 ratione
1052 3470 1322 3556 saporem
1352 3482 1609 3556 denique
1640 3501 1999 3557 quemquam

463 3591 576 3630 nec
604 3574 776 3648 frigus
805 3591 998 3649 neque
1027 3573 1167 3631 item
1196 3572 1453 3631 calidum
1482 3572 1868 3649 tepidumque
1896 3590 2192 3649 vaporem,

780 3713 1160 3757 (dte-0·⁴.,(
1251 3723 1497 3753 ’.ι.(
1588 3744 1595 3749 .

1690 3724 1757 3737 ¹¹
1939 3728 1953 3740 ,-’
2032 3724 2361 3743 '··¹e‹ua

1982 3756 1991 3763 ο

1958 3786 2002 3793 .--
2226 3782 2232 3789 ·

1466 3812 1485 3854 ί
1790 3800 1911 3825 ‘⁴³⁸
2106 3802 2185 3819 θ’
2266 3810 2407 3831 ·‹o··

1920 3890 1939 3903 Ι

1479 3908 1489 3916 ι

2017 3910 2025 3920 ¹
2083 3923 2088 3928 .
2146 3905 2167 3929 f
2252 3912 2269 3923 ν
2356 3903 2361 3914 ’
