2784 3992
112 3972 193 3977 ι
54 3738 196 3902 ff

462 331 583 393 140
1131 326 1598 380 LUCRETIUS
2163 326 2264 398 [v.

450 508 699 566 quorum
727 498 991 547 naturam
1018 489 1323 564 triplicem,
1353 488 1462 546 tria
1487 506 1754 565 corpora,
1786 489 2055 563 Memmi,

449 582 547 639 tris
576 581 803 656 species
833 590 952 637 tarn
981 579 1288 651 dissimilis,
1319 580 1425 637 tria
1453 580 1587 637 talia
1613 589 1788 650 texta,

450 691 565 729 una
594 671 721 729 dies
750 671 913 729 dabit
941 671 1139 743 exitio,
1171 671 1504 745 multosque
1533 688 1640 745 per
1667 667 1882 730 annos‘
2205 690 2270 745 95

448 771 767 821 sustentata
793 772 921 820 ruet
948 762 1131 819 moles
1160 771 1218 819 et
1248 761 1518 818 machina
1544 760 1770 821 mundi.

448 872 559 911 nec
587 871 683 910 me
712 853 889 909 animi
917 852 1055 909 fallit
1083 870 1259 926 quam
1287 870 1379 909 res
1409 869 1564 909 nova
1590 852 1854 934 miraque
1882 853 2067 911 menti

448 942 678 1001 accidat
706 943 947 1000 exitium
976 942 1121 1000 caeli
1150 952 1452 1017 terraeque
1482 942 1757 1016 futurum,

447 1044 507 1092 et
533 1052 711 1109 quarn
740 1033 977 1091 difficile
1007 1032 1067 1089 id
1100 1033 1239 1090 mihi
1268 1034 1339 1090 sit
1367 1033 1708 1108 pervincere
1739 1032 1910 1091 dictis
1931 1054 1950 1107 3

420 1133 511 1205 ⁸ut
538 1126 603 1183 fit
629 1124 729 1183 ubi
757 1124 1049 1182 insolitam
1078 1143 1203 1181 rem
1232 1122 1510 1199 adportes
1539 1124 1772 1183 auribus
1803 1134 1940 1182 ante
2172 1146 2266 1181 100

446 1235 559 1275 nec
587 1227 787 1277 tamen
816 1218 967 1275 hanc
997 1217 1190 1292 possis
1213 1218 1519 1275 oculorum
1549 1216 1801 1276 subdere
1828 1218 1954 1276 visu

446 1327 561 1366 nec
587 1308 777 1367 iacere
807 1307 948 1365 indu
980 1326 1202 1379 manuS,
1232 1308 1324 1366 via
1352 1326 1471 1382 qua
1499 1308 1722 1366 munita
1749 1307 1890 1366 fidei

446 1400 711 1475 proxima
739 1400 848 1457 fert
877 1399 1197 1457 humanum
1224 1397 1285 1456 'm
1314 1407 1522 1474 pectus
1551 1398 1889 1474 templaque
1917 1400 2146 1459 mentis·

447 1490 554 1549 sed
582 1500 777 1548 tamen
809 1490 1045 1548 effabor.
1078 1488 1250 1547 dictis
1279 1488 1444 1547 dabit
1471 1490 1598 1564 ipsa
1624 1488 1807 1547 fidem
1836 1508 1927 1549 res

445 1581 683 1639 forsitan
712 1589 771 1637 et
798 1581 1044 1655 graviter
1069 1588 1348 1637 terrarum
1378 1580 1633 1639 motibus
1663 1581 1802 1639 ortis
2165 1600 2263 1656 ‘105

446 1671 645 1728 omnia
672 1671 1045 1745 conquassari
1074 1670 1135 1727 in
1163 1688 1343 1745 parvo
1372 1680 1641 1746 tempore
1672 1690 1896 1730 cernes,

445 1761 608 1836 quod
636 1761 843 1836 procul
870 1779 906 1817 a
933 1761 1103 1819 nobis
1134 1760 1329 1819 flectat
1357 1761 1590 1819 fortuna
1617 1763 1966 1837 gubernanS‚

445 1862 504 1909 et
531 1852 676 1910 ratio
706 1852 901 1927 potius
930 1870 1108 1926 quarn
1137 1870 1229 1910 res
1257 1851 1607 1933 persuadeat
1638 1853 1765 1927 ipsa

445 1942 747 2000 succidere
778 1942 1079 2002 horrisono
1110 1961 1283 2017 posse
1312 1942 1514 2000 omnia
1541 1943 1691 2001 victa
1719 1944 1964 2018 fragore.

528 2032 698 2110 [Qua
726 2034 883 2108 prius
912 2032 1219 2107 adgrediar
1246 2052 1423 2107 quam
1454 2032 1530 2091 de
1560 2052 1622 2091 re
1651 2033 1895 2091 fundere
1924 2034 2039 2091 fata
2174 2055 2192 2091 ι
2209 2056 2265 2091 ιο

444 2125 695 2182 sanctius
725 2133 785 2181 et
812 2124 995 2181 multo
1026 2133 1184 2181 certa
1210 2124 1432 2181 ratione
1464 2125 1647 2199 magis
1676 2143 1852 2199 quam

445 2215 650 2290 Pythia
678 2233 829 2289 quae
859 2214 1089 2290 tripode
1120 2233 1155 2271 a
1187 2214 1411 2273 Phoebi
1440 2216 1721 2290 lauroque
1751 2216 2028 2290 profatur,

443 2306 625 2362 multa
652 2306 755 2363 tibi
785 2305 1095 2380 expediam
1126 2304 1316 2363 doctis
1348 2307 1567 2363 solacia
1597 2305 1766 2364 dictis
1787 2327 1804 2378 3

443 2396 719 2471 religione
749 2396 1067 2453 refrenatus
1096 2414 1171 2453 ne
1201 2396 1349 2454 forte
1379 2397 1554 2454 rearis

442 2497 619 2544 terras
648 2496 707 2544 et
741 2486 924 2545 solem
955 2496 1015 2543 et
1042 2486 1288 2559 caelum,
1322 2505 1479 2544 mare
1511 2486 1704 2545 sidera
1730 2488 1945 2560 lunam,
2171 2505 2261 2559 115

442 2595 690 2652 corpore
720 2577 917 2636 divino
948 2576 1163 2635 debere
1194 2588 1433 2636 aeterna
1461 2595 1716 2650 manere,
1791 2618 1798 2631 .

441 2678 868 2743 proptereaque
896 2678 1067 2743 putes
1094 2668 1204 2727 ritu
1234 2686 1340 2744 par
1368 2686 1495 2726 esse
1527 2668 1846 2743 Gigantum

440 2758 703 2834 pendere
732 2777 835 2816 eos
864 2777 1087 2835 poenas
1116 2760 1335 2817 inmani
1367 2777 1473 2833 pro
1504 2759 1723 2817 scelere
1756 2758 1948 2817 omnis

441 2850 544 2923 qui
570 2850 795 2908 ratione
825 2868 929 2908 sua
956 2849 1284 2909 disturbent
1313 2851 1548 2908 moenia
1575 2848 1786 2908 mundi

442 2941 921 3016 praeclarumque
949 2942 1127 2999 velint
1156 2941 1302 2999 caeli
1331 2941 1686 3016 restinguere
1718 2941 1902 2999 solem
2173 2963 2264 3000 120

442 3032 768 3089 inmortalia
794 3033 1021 3090 mortali
1051 3050 1319 3089 sermone
1350 3042 1619 3089 notantes
1641 3053 1658 3104 3

443 3142 593 3198 quae
623 3124 828 3197 procul
856 3142 1040 3198 usque
1070 3122 1223 3179 adeo
1252 3122 1451 3180 divino
1482 3142 1517 3180 a
1545 3124 1783 3180 numine
1814 3122 2050 3195 distent,

441 3215 619 3288 inque
650 3214 828 3272 deum
858 3233 1103 3273 numero
1133 3232 1283 3288 quae
1314 3214 1427 3271 sint
1456 3213 1696 3288 indigna
1722 3212 1921 3285 videri,

442 3305 705 3363 notitiam
735 3306 931 3381 potius
963 3305 1239 3380 praebere
1268 3313 1331 3361 ut
1359 3322 1535 3378 posse
1565 3313 1840 3379 putentur

442 3394 586 3470 quid
615 3397 687 3454 sit
715 3396 870 3455 vitali
900 3407 1063 3453 motu
1095 3413 1386 3470 sensuque
1417 3405 1727 3454 remotum.
2170 3414 2255 3467 125

442 3487 663 3562 quippe
695 3488 911 3545 etenim
942 3506 1063 3543 non
1094 3496 1199 3557 est,
1231 3505 1367 3544 curn
1397 3486 1604 3561 quovis
1633 3504 1879 3562 corpore
1909 3496 1972 3545 ut
2001 3505 2132 3545 esse

442 3596 617 3655 posse
646 3578 823 3636 animi
853 3588 1056 3639 natura
1084 3586 1319 3654 putetur
1348 3578 1773 3651 consiliumque
1795 3598 1813 3650 3
