2784 3992
559 287 693 359 1v.]
1036 290 1145 341 DE
1196 290 1491 343 RERUM
1547 290 1892 377 NATURA
2243 294 2266 341 1
2287 292 2358 356 13

552 448 752 507 omnia
778 467 933 525 quae
959 449 1175 507 tuimur
1198 450 1324 508 fieri
1350 457 1477 508 tum
1504 450 1645 509 bina
1670 448 1914 523 tuend0‚

550 539 690 598 bina
716 540 1079 598 lucernarum
1110 541 1375 598 florentia
1402 541 1622 598 lumina
1649 540 1896 599 flammis
2260 558 2361 611 450

551 629 804 704 binaque
833 648 939 705 per
966 640 1119 688 totas
1146 630 1309 688 aedis
1337 632 1634 705 geminare
1664 631 1926 705 supellex

550 730 609 777 et
636 720 885 795 duplicis
913 720 1217 778 hominum
1245 710 1427 778 'facies
1456 731 1515 778 et
1543 738 1789 795 corpora
1817 721 1972 779 bina.

550 809 805 884 denique
834 829 971 867 cum
1002 814 1160 867 suavi
1191 810 1450 868 devinxit
1478 812 1742 868 membra
1767 828 1979 885 sopore

549 918 788 958 somnus
816 911 876 958 et
904 902 964 958 in
993 919 1222 957 summa
1249 919 1462 975 corpus
1492 901 1642 957 iacet
1669 918 1848 957 omne
1877 901 2093 975 quiete,

549 999 670 1048 tum
699 991 931 1066 vigilare
961 1001 1159 1049 tamen
1187 992 1356 1049 nobis
1386 1001 1447 1048 et
1473 992 1737 1048 membra
1765 1009 2000 1049 movere
2261 1011 2357 1067 455

548 1091 747 1139 nostra
772 1080 1057 1154 videmur,
1087 1092 1147 1139 et
1174 1082 1235 1139 in
1264 1082 1454 1139 noctis
1484 1076 1728 1155 caligine
1759 1099 1938 1139 caeca

547 1189 784 1229 cernere
813 1173 1335 1235 censemussolem
1364 1172 1680 1245 lumenque
1711 1170 2003 1244 diurnum,

548 1264 944 1338 conclusoque
974 1264 1107 1321 loco
1137 1264 1368 1339 caelum
1400 1280 1556 1319 mare
1586 1262 1825 1319 flumina
1853 1262 2071 1321 montis

546 1363 769 1411 mutare
799 1362 859 1411 et
886 1372 1130 1429 campos
1151 1352 1404 1429 pedibus
1434 1353 1673 1410 transire
1700 1353 1986 1425 videmur,

546 1452 605 1501 et
629 1444 852 1502 sonitus
880 1444 1099 1516 audire,
1129 1462 1331 1501 severa
1362 1443 1589 1501 silentia
1615 1430 1806 1501 noctis
2259 1450 2359 1513 460

544 1534 804 1609 undique
833 1552 970 1592 cum
1000 1544 1290 1605 constent,
1322 1544 1381 1591 et
1411 1532 1658 1591 reddere
1689 1531 1848 1591 dicta
1873 1542 2154 1594 tacenteS.

544 1634 737 1683 cetera
764 1623 842 1682 de
870 1643 1083 1700 genere
1113 1625 1228 1682 hoc
1260 1624 1538 1681 miracula
1564 1624 1745 1682 multa
1770 1612 2058 1696 videmuS‚

543 1733 692 1790 quae
720 1715 935 1795 violare
969 1715 1150 1774 fidem
1179 1716 1344 1790 quasi
1373 1715 1638 1773 sensibus
1667 1716 1866 1773 omnia
1894 1724 2195 1790 quaerunt,

542 1806 922 1882 nequiquam,
953 1807 1233 1881 quoniam
1262 1824 1395 1881 pars
1425 1806 1634 1863 horum
1663 1806 1917 1863 maxima
1945 1806 2084 1864 fallit

541 1907 780 1972 propter
806 1898 1078 1972 opinatus
1106 1897 1285 1954 animi
1314 1915 1463 1971 quos
1492 1895 1764 1954 addimus
1794 1896 1925 1971 ipsi,
2257 1905 2352 1969 465

541 2005 647 2062 pro
674 1988 809 2046 visis
840 1998 902 2045 ut
930 1988 1045 2045 sint
1073 2006 1224 2062 quae
1254 2006 1376 2046 non
1405 1997 1539 2044 sunt
1566 1987 1822 2045 sensibu'
1851 1987 1992 2045 visa.

541 2096 677 2136 nam
705 2078 787 2135 nil
813 2079 1039 2153 aegrius
1068 2089 1155 2136 est
1183 2097 1361 2154 quam
1389 2096 1482 2135 res
1511 2095 1814 2135 secernere
1845 2087 2071 2153 apertas

541 2169 615 2228 ab
643 2169 853 2242 dubiis,
883 2170 1110 2226 animus
1140 2188 1285 2243 quas
1313 2169 1388 2227 ab
1418 2186 1480 2226 se
1507 2168 1772 2243 protinus
1801 2168 1984 2228 addit.

622 2260 897 2335 Denique
928 2260 1009 2318 nil
1037 2260 1168 2318 sciri
1196 2260 1375 2334 siquis
1404 2269 1588 2335 putat,
1618 2257 1681 2316 id
1710 2277 1949 2334 quoque
1980 2260 2166 2318 nescit

542 2369 617 2408 an
644 2351 775 2409 sciri
802 2351 1003 2426 possit,
1034 2351 1311 2426 quoniam
1339 2350 1420 2407 nil
1447 2350 1593 2407 scire
1623 2350 1850 2408 fatetur.
2252 2372 2351 2418 470

540 2440 696 2499 hunc
725 2442 898 2518 igitur
925 2450 1130 2499 contra
1158 2441 1385 2498 mittam
1415 2438 1780 2498 contendere
1808 2457 2065 2511 causam,

540 2532 639 2607 qui
665 2533 859 2608 capite
888 2532 1013 2608 ipse
1042 2551 1147 2591 sua
1172 2532 1234 2589 in
1262 2531 1459 2589 statuit
1485 2530 1727 2605 vestigia
1753 2548 1900 2589 sese.

540 2632 598 2681 et
623 2633 824 2681 tamen
851 2624 967 2681 hoc
995 2641 1232 2699 quoque
1262 2622 1348 2680 uti
1376 2620 1707 2680 concedam
1735 2621 1903 2693 scire,
1931 2630 1992 2678 at
2019 2619 2081 2678 id
2110 2620 2302 2696 ipsum

539 2732 833 2788 quaeram,
863 2733 1002 2772 cum
1031 2716 1092 2773 in
1119 2716 1293 2773 rebus
1320 2713 1441 2772 veri
1470 2712 1552 2770 nil
1577 2711 1789 2769 viderit
1815 2720 1969 2782 ante,

538 2805 694 2862 unde
724 2804 869 2862 sciat
896 2803 1042 2879 quid
1070 2805 1142 2863 sit
1170 2804 1316 2863 scire
1346 2813 1407 2862 et
1434 2804 1659 2862 nescire
1687 2802 1960 2874 vicissim,
2250 2820 2347 2873 475

538 2895 802 2953 notitiam
829 2896 950 2952 veri
978 2913 1129 2970 quae
1158 2914 1249 2953 res
1278 2895 1521 2970 falsique
1552 2894 1761 2952 crearit

536 2995 594 3042 et
622 2984 865 3044 dubium
896 2996 1057 3044 certo
1086 3004 1235 3061 quae
1264 3003 1355 3043 res
1384 2985 1612 3042 differre
1641 2984 1915 3060 probarit.

533 3075 794 3134 invenies
822 3075 1020 3150 primis
1048 3077 1124 3134 ab
1152 3076 1414 3134 sensibus
1443 3094 1569 3133 esse
1597 3085 1854 3133 creatam

532 3167 801 3224 notitiem
830 3166 949 3223 veri
977 3185 1173 3241 neque
1202 3185 1405 3223 sensus
1435 3184 1607 3240 posse
1636 3166 1832 3223 refelli.

531 3275 670 3315 nam
700 3258 918 3315 maiore
945 3257 1063 3316 fide
1094 3256 1271 3315 debet
1298 3258 1596 3331 reperirier
1626 3255 1784 3327 illud,
2241 3260 2342 3320 480

530 3356 742 3423 sponte
770 3366 879 3405 sua
903 3347 1051 3407 veris
1080 3347 1244 3423 quod
1273 3348 1456 3423 possit
1481 3348 1714 3406 vincere
1743 3348 1898 3405 falsa.

528 3438 675 3515 quid
702 3439 921 3497 maiore
950 3438 1069 3497 fide
1098 3457 1273 3514 porro
1302 3458 1482 3514 quam
1510 3456 1712 3497 sensus
1742 3437 1941 3496 haberi

527 3530 752 3589 debet?
788 3538 867 3587 'an
898 3531 971 3587 ab
1000 3548 1173 3588 sensu
1202 3530 1343 3587 falso
1372 3529 1516 3588 ratio
1546 3539 1672 3588 orta
1698 3528 1910 3586 valebit

1399 3621 1430 3670 8

2557 3926 2676 3933 --
