2784 3992
447 282 566 347 194
1072 280 1535 333 LUCRETms
2107 280 2240 350 [vl.

432 439 538 498 sed
567 458 807 498 vemens
835 440 1020 499 imber
1048 440 1129 513 fit,
1159 439 1259 499 ubi
1286 450 1590 499 vementer
1615 450 1860 517 utraque

428 532 627 590 nubila
654 532 708 589 vi
738 532 1029 589 cumulata
1055 541 1398 606 premuntur
1425 541 1482 589 et
1510 532 1727 607 impete
1756 534 1934 591 venti⁴

428 631 604 696 atque
633 632 832 679 tenere
863 622 962 679 diu
993 623 1231 697 pluviae'
1250 623 1613 698 longumque
1642 624 1855 681 morari

428 722 801 783 consuerunt,
832 713 932 770 ubi
961 712 1142 770 multa
1170 714 1397 770 cientur
1424 714 1650 771 semina
1675 732 1958 788 aquarum
2141 731 2240 785 520

426 813 601 878 atque
628 803 751 861 aliis
781 803 926 860 aliae
956 804 1142 861 nubes
1172 804 1474 878 nimbique
1504 804 1756 879 rigantes

425 895 661 968 insuper
685 904 861 968 atque
892 894 1053 951 omni
1080 894 1253 969 vulgo
1282 894 1359 952 de
1388 904 1552 969 parte
1583 894 1858 967 feruntur,

425 994 690 1059 terraque
719 1004 855 1042 cum
886 985 1114 1042 fumans
1143 1003 1412 1043 umorem
1441 994 1564 1043 tota
1589 984 1869 1043 redhalat.

425 1074 519 1132 hic
548 1075 647 1133 ubi
676 1076 765 1133 sol
791 1074 965 1133 radiis
994 1084 1406 1150 tempestatem
1433 1076 1583 1133 inter
1610 1094 1860 1151 opacam

423 1166 665 1225 adversa
693 1166 844 1225 fulsit
871 1166 1204 1224 nimborum
1232 1167 1537 1242 aspargine
1566 1176 1788 1239 contra,
2139 1185 2236 1239 525

422 1267 548 1317 tum
577 1258 740 1315 color
766 1258 826 1315 in
854 1257 1028 1332 nigris
1056 1256 1249 1314 existit
1274 1259 1528 1317 nubibus
1556 1258 1739 1332 arqui.

503 1348 715 1407 Cetera
742 1366 894 1422 quae
923 1366 1148 1405 sorsum
1176 1358 1448 1406 crescunt
1475 1366 1818 1423 sorsumque
1847 1357 2134 1420 creantur,

421 1448 480 1496 et
508 1456 657 1513 quae
687 1448 1075 1497 concrescunt
1102 1439 1162 1496 in
1189 1439 1460 1511 nubibus,
1491 1440 1706 1510 omnia,
1737 1457 2002 1514 prorsum

420 1529 635 1600 omnia,
665 1528 765 1586 nix
791 1528 945 1587 venti
975 1528 1200 1604 grando
1228 1528 1577 1604 gelidaeque
1597 1530 1849 1605 pruinae

419 1628 480 1678 et
504 1620 587 1677 vis
616 1638 828 1695 magna
853 1620 983 1694 geli,
1016 1638 1291 1695 magnum
1321 1618 1607 1678 duramen
1635 1638 1936 1694 aquarum,
2135 1640 2234 1691 530

419 1719 478 1767 et
506 1728 671 1767 mora
698 1728 847 1784 quae
878 1710 1080 1768 fluvios
1108 1709 1325 1785 passim
1353 1711 1606 1768 refrenat
1635 1711 1844 1783 euntiS,

417 1800 744 1875 perfacilest
772 1810 970 1859 tamen
999 1800 1146 1859 haec
1174 1801 1428 1876 reperire
1457 1802 1774 1875 animoque
1802 1801 2002 1860 videre

417 1892 617 1949 omnia
646 1910 765 1966 quo
794 1901 969 1967 pacto
998 1892 1142 1950 fiant
1170 1909 1424 1966 quareve
1455 1901 1747 1964 creentur,

417 1999 552 2039 cum
582 1982 735 2040 bene
764 1983 1035 2058 cognoris
1064 1982 1369 2040 elementis
1399 1982 1630 2041 reddita
1658 2000 1811 2058 quae
1838 1982 1971 2042 sint.

500 2073 678 2131 Nunc
706 2091 815 2148 age
846 2091 997 2147 quae
1027 2074 1174 2131 ratio
1203 2073 1371 2130 terrai
1403 2074 1659 2131 motibus
1689 2081 1849 2131 extet
2136 2092 2230 2145 535

416 2163 670 2237 percipe.
703 2173 761 2220 et
789 2164 849 2221 in
878 2163 1075 2238 primis
1104 2174 1313 2221 terram
1344 2164 1437 2220 fac
1467 2173 1530 2221 ut
1557 2181 1685 2222 esse
1713 2162 1890 2221 rearis

416 2263 615 2327 supter
643 2253 782 2311 item
811 2263 874 2312 ut
903 2272 1112 2329 supera
1139 2254 1397 2312 ventosis
1426 2253 1690 2328 undique
1719 2253 1954 2329 plenam

416 2344 707 2417 speluncis
736 2344 1065 2418 multosque
1094 2344 1254 2402 lacus
1286 2343 1614 2419 multasque
1643 2344 1889 2403 lucunas

416 2434 472 2491 in
504 2434 727 2509 gremio
756 2453 954 2510 gerere
985 2444 1042 2493 et
1069 2453 1243 2510 rupes
1273 2434 1640 2513 deruptaque
1670 2454 1811 2493 saxa
1829 2455 1848 2507 ;

416 2524 714 2598 multaque
743 2526 852 2583 sub
881 2534 1043 2601 tergo
1073 2526 1242 2584 terrai
1272 2525 1511 2583 flumina
1540 2535 1698 2583 tecta
2131 2543 2230 2596 540

413 2614 645 2673 volvere
673 2615 729 2673 vi
759 2615 966 2674 fluctus
994 2634 1430 2690 summersaque
1459 2634 1599 2673 saxa
1625 2614 2008 2691 putandumst
2029 2636 2046 2688 ;

414 2705 675 2781 undique
704 2705 862 2764 enim
890 2706 1137 2765 similem
1165 2725 1291 2764 esse
1322 2707 1409 2764 sui
1437 2725 1530 2764 res
1559 2707 1814 2782 postulat
1841 2707 1982 2783 ipsa.

414 2795 501 2854 his
529 2797 700 2872 igitur
726 2798 899 2855 rebus
926 2797 1247 2855 subiunctis
1276 2797 1712 2873 suppositisque

412 2896 563 2944 terra
590 2905 838 2962 superne
867 2888 1060 2944 tremit
1088 2888 1311 2963 magnis
1340 2905 1631 2945 concussa
1657 2887 1855 2961 ruiniS,

414 2978 611 3035 subter
638 2978 738 3036 ubi
767 2978 1017 3053 ingentis
1046 2978 1353 3053 speluncas
1382 2978 1605 3035 subruit
1631 2988 1791 3037 aetas
1813 2999 1831 3051 ;
2128 2994 2224 3049 545

412 3069 631 3143 quippe
662 3068 883 3127 cadunt
910 3069 1015 3126 toti
1048 3078 1279 3127 montes
1307 3087 1641 3143 magnoque
1670 3079 1912 3145 repente

413 3177 706 3217 concussu
737 3160 847 3217 late
878 3158 1210 3234 disserpunt
1238 3158 1377 3216 inde
1408 3170 1706 3217 tremores,

412 3260 472 3308 et
502 3251 728 3323 merito,
759 3249 1038 3325 quoniam
1066 3250 1305 3325 plaustri
1334 3268 1623 3308 concussa
1650 3258 2008 3307 tremescunt
2061 3304 2070 3311 .

409 3350 565 3401 tecta
592 3342 744 3401 viam
774 3350 1014 3416 propter
1039 3359 1162 3399 non
1191 3334 1407 3416 magno
1435 3339 1701 3415 pondere
1731 3349 1872 3411 tota,

408 3450 521 3489 nec
549 3433 740 3490 minus
769 3432 1043 3503 exultant,
1073 3441 1138 3489 ut
1166 3450 1408 3507 scrupus
1437 3448 1692 3506 cumque
1719 3430 1830 3488 viai
2127 3448 2226 3501 550

408 3522 647 3581 ferratos
675 3523 963 3596 utrimque
991 3532 1244 3581 rotarum
1274 3521 1525 3580 succutit
1550 3523 1738 3580 orbes.
