2784 3992
558 317 695 389 111.]
1031 319 1139 370 DE
1194 319 1488 371 RERUM
1545 318 1892 371 NATURA
2279 322 2360 386 97

551 492 957 557 praemetuens
987 481 1227 541 adhibet
1254 483 1515 540 stimulos
1543 492 1833 558 terretque
1865 484 2102 559 flagellis

550 591 659 631 nec
686 572 845 631 videt
874 573 1095 630 interea
1122 574 1224 647 qui
1252 574 1532 631 terminus
1562 592 1688 632 esse
1719 574 2002 632 malorum
2240 598 2364 633 1020

550 663 731 739 possit
759 682 870 720 nec
901 681 1052 738 quae
1081 663 1153 721 sit
1183 682 1507 737 poenarum
1535 663 1793 738 denique
1823 665 1954 723 finis

551 764 721 828 atque
752 754 962 811 eadem
988 755 1193 812 metuit
1222 754 1404 829 magis
1434 754 1581 811 haec
1603 772 1678 811 ne
1701 755 1761 812 in
1783 765 1970 813 morte
2000 766 2360 831 gravescant.

552 844 644 901 hic
673 846 993 902 Acherusia
1020 845 1084 902 fit
1112 845 1417 903 stultorum
1447 845 1703 920 denique
1731 846 1864 903 vita.

632 936 771 992 Hoc
794 936 970 993 etiam
1000 936 1104 993 tibi
1130 943 1253 992 tute
1282 934 1578 993 interdum
1607 935 1803 993 dicere
1835 936 2023 1010 possis

553 1029 568 1055 ‘
585 1024 803 1105 lu-mina
831 1026 907 1083 sis
936 1026 1119 1083 oculis
1148 1026 1324 1083 etiam
1352 1027 1544 1085 bonus
1573 1027 1760 1083 Ancu’
1792 1027 2021 1101 reliquit
2235 1046 2358 1099 1025

549 1116 649 1190 qui
676 1117 881 1174 melior
908 1106 1101 1174 multis
1130 1135 1309 1191 quam
1336 1126 1398 1174 tu
1431 1117 1553 1189 fuit,
1584 1116 1868 1191 improbe,
1901 1118 2093 1185 rebus·

510 1215 517 1231 ¹
548 1206 684 1264 inde
713 1207 809 1264 alii
839 1208 1003 1265 multi
1029 1225 1195 1282 reges
1222 1225 1534 1282 rerumque
1563 1216 1836 1282 potentes

548 1296 907 1368 occiderunt,
940 1298 1164 1372 magnis
1192 1298 1295 1372 qui
1322 1298 1593 1373 gentibus
1623 1298 2042 1372 imperitarunt.

545 1389 637 1446 ille
668 1406 907 1463 quoque
937 1390 1081 1463 ipse,
1111 1389 1263 1446 viam
1292 1389 1392 1464 qui
1424 1388 1726 1463 quondam
1769 1407 1874 1464 per
1902 1409 2059 1448 mare
2089 1409 2366 1466 magnum

546 1480 741 1537 stravit
769 1479 993 1553 iterque
1022 1478 1186 1537 dedit
1214 1479 1540 1554 legionibus
1570 1480 1651 1536 ire
1681 1497 1786 1553 per
1813 1479 1992 1537 altum
2241 1501 2366 1551 1030

546 1588 615 1627 ac
644 1569 897 1645 pedibus
924 1569 1099 1627 salsas
1128 1569 1333 1627 docuit
1362 1587 1633 1644 superare
1664 1570 1905 1629 lucunas

546 1670 605 1717 et
632 1660 946 1718 contemsit
973 1660 1138 1735 equis
1167 1660 1448 1717 insultans
1477 1679 1771 1718 murmura
1799 1662 1983 1735 ponti,

546 1751 763 1809 lumine
792 1750 1074 1825 adempto
1103 1752 1359 1808 animam
1390 1750 1743 1809 moribundo
1772 1770 2019 1826 corpore
2049 1752 2216 1811 fudit.

545 1840 864 1917 Scipiadas,
896 1841 1029 1900 belli
1059 1842 1297 1912 fulmen,
1331 1841 1698 1916 Carthaginis
1727 1842 1948 1913 horror,

544 1950 677 1991 ossa
704 1931 869 1991 dedit
897 1942 1079 1990 terrae
1110 1931 1358 2007 proinde
1389 1951 1459 1990 ac
1485 1932 1667 2013 52-le
1694 1932 1925 1994 infimus
1955 1941 2124 1998 esset.
2241 1953 2362 2006 1035

545 2022 700 2081 adde
728 2032 1055 2098 repertores
1085 2022 1483 2080 doctrinarum
1511 2032 1688 2098 atque
1718 2023 2000 2098 leporum,

544 2115 697 2172 adde
729 2114 1193 2172 Heliconiadum
1223 2114 1471 2173 comites
1494 2134 1510 2186 3
1553 2131 1801 2188 quorum
1829 2133 1980 2171 unus
2010 2115 2310 2173 Homerus

544 2214 774 2281 sceptra
799 2205 1019 2280 potitus
1047 2204 1259 2263 eadem
1288 2205 1412 2261 aliis
1442 2205 1653 2278 sopitu'
1686 2205 1956 2279 quietest.

543 2296 798 2371 denique
830 2296 1237 2354 Democritum
1265 2304 1580 2370 postquam
1608 2304 1831 2351 matura
1858 2304 2113 2353 vetustas

543 2386 848 2445 admonuit
875 2404 1167 2444 memores
1196 2395 1389 2443 motus
1419 2386 1791 2460 languescere
1821 2385 2050 2457 mentis,
2235 2406 2361 2454 1040

542 2487 752 2553 sponte
780 2495 886 2535 sua
912 2477 1032 2535 leto
1060 2485 1236 2552 caput
1264 2476 1468 2533 obvius
1497 2476 1708 2550 optulit
1736 2476 1878 2550 ipse.

542 2568 665 2643 ipse
697 2568 985 2643 Epicurus
1013 2567 1138 2626 obit
1165 2566 1416 2625 decurso
1442 2566 1660 2624 lumine
1688 2566 1856 2637 vitae,

542 2659 641 2733 qui
669 2676 855 2734 genus
883 2658 1205 2715 humanum
1234 2657 1470 2732 ingenio
1498 2657 1786 2731 superavit
1814 2665 1873 2714 et
1900 2654 2090 2713 omnis

540 2748 854 2820 restincxit,
884 2749 1074 2806 stellas
1103 2757 1337 2806 exortus
1366 2757 1430 2805 ut
1457 2747 1746 2805 aetherius
1775 2746 1880 2805 sol.

538 2850 601 2898 tu
630 2857 772 2897 vero
801 2839 1093 2897 dubitabis
1122 2848 1181 2897 et
1208 2838 1590 2913 indignabere
1619 2839 1827 2896 obire?
2226 2856 2350 2908 1045

540 2940 769 2988 mortua
794 2930 890 2987 cui
917 2929 1037 2987 vita
1064 2939 1152 2987 est
1180 2946 1366 3004 prope
1395 2929 1514 2986 iam
1541 2928 1675 2986 vivo
1706 2938 1881 3002 atque
1911 2926 2150 3000 videnti,

539 3021 642 3096 qui
669 3038 879 3079 somno
908 3009 1135 3095 partem
1163 3020 1446 3077 maiorem
1473 3018 1729 3076 conteris
1757 3018 1884 3076 aevi

536 3120 598 3169 et
625 3110 867 3185 vigilans
894 3109 1081 3167 stertis
1109 3128 1222 3167 nec
1251 3110 1480 3167 somnia
1506 3127 1744 3166 cernere
1776 3126 1968 3166 cessas

534 3200 961 3274 sollicitamque
988 3200 1138 3274 geris
1166 3218 1332 3258 cassa
1356 3200 1671 3258 formidine
1700 3209 1960 3257 mentem

531 3308 653 3351 nec
677 3290 929 3365 reperire
958 3298 1129 3364 potes
1157 3290 1261 3347 tibi
1290 3290 1435 3364 quid
1463 3291 1534 3349 sit
1562 3308 1738 3365 saepe
1769 3290 1922 3361 mali,
1952 3306 2089 3347 cum
2227 3313 2352 3363 1050

533 3380 733 3441 ebrius
757 3381 975 3456 urgeris
1005 3381 1197 3439 multis
1226 3381 1400 3439 miser
1426 3379 1688 3456 undique
1719 3379 1872 3438 curis

529 3482 713 3547 atque
741 3472 918 3530 animi
946 3473 1170 3530 incerto
1200 3470 1428 3530 fluitans
1457 3489 1647 3530 errore
1674 3470 1937 3546 vagaris!

612 3562 675 3621 Si
700 3573 944 3637 possent
970 3562 1257 3635 homines,
1285 3561 1535 3638 proinde
1561 3581 1634 3619 ac
1661 3561 1873 3620 sentire
1900 3559 2172 3619 videntur

1429 3666 1462 3721 7
