2784 3992
528 324 551 369 1
566 308 649 386 78
1191 316 1656 371 LUCRETms

516 481 691 557 frigus
720 480 877 539 enim
906 478 1099 539 nudos
1127 480 1251 537 sine
1282 478 1526 554 pellibus
1548 477 1919 536 excruciabat

517 572 830 647 terrigenas
852 591 869 643 ;
912 580 971 628 at
998 589 1108 629 nos
1136 570 1217 627 nil
1245 568 1423 627 laedit
1450 576 1612 627 veste
1640 561 1836 627 carere

517 680 806 738 purpurea
833 670 1010 735 atque
1039 678 1181 719 auro
1212 660 1506 735 signisque
1536 659 1866 735 ingentibus
1895 668 2050 735 apta,

518 752 660 810 dum
688 752 917 827 plebeia
944 760 1141 808 tamen
1171 751 1244 809 sit
1274 768 1426 825 quae
1456 748 1776 808 defendere
1804 751 2004 824 possit.

516 861 657 919 ergo
684 843 989 900 hominum
1019 859 1203 916 genus
1233 841 1524 898 incassum
1553 839 1880 916 frustraque
1908 841 2133 899 laborat

516 951 748 1009 semper
776 943 834 990 et
855 933 920 989 in
950 932 1102 990 curis
1132 932 1428 989 consumit
1456 930 1724 990 inanibus
1750 949 1979 1003 aevom,

515 1024 786 1081 nimirum
817 1024 955 1097 quia
981 1040 1107 1080 non
1132 1022 1409 1097 cognovit
1439 1040 1590 1096 quae
1619 1022 1692 1079 sit
1720 1021 1977 1081 habendi

514 1115 644 1173 finis
674 1123 733 1172 et
760 1114 1003 1172 omnino
1032 1111 1233 1187 quoad
1262 1121 1488 1170 crescat
1516 1130 1652 1169 vera
1679 1112 1960 1187 voluptas.

516 1204 693 1280 idque
722 1203 1051 1262 minutatim
1079 1204 1256 1261 vitam
1285 1203 1552 1278 provexit
1579 1202 1640 1259 in
1667 1203 1847 1260 altum

515 1306 575 1353 et
602 1295 736 1355 belli
764 1312 1008 1369 magnos
1035 1294 1357 1353 commovit
1385 1291 1647 1351 funditus
1674 1302 1887 1352 aestus,

593 1388 672 1444 At
698 1386 897 1461 vigiles
924 1384 1131 1443 mundi
1159 1402 1439 1460 magnum
1466 1383 1732 1442 versatile
1762 1384 2050 1459 templum

513 1478 602 1535 sol
628 1486 689 1535 et
714 1476 853 1533 luna
880 1494 987 1533 suo
1014 1475 1324 1533 lustrantes
1351 1475 1571 1533 lumine
1601 1474 1822 1533 circum

512 1566 873 1642 perdocuere
904 1566 1173 1624 homines
1202 1584 1492 1623 annorum
1521 1573 1789 1640 tempora
1814 1563 1960 1623 veru‘

514 1667 572 1715 et
600 1668 760 1717 certa
786 1658 1008 1715 ratione
1037 1656 1158 1731 geri
1184 1674 1309 1714 rem
1338 1666 1516 1731 atque
1545 1656 1754 1715 ordine
1782 1664 1963 1714 certo.

594 1750 722 1806 Iam
750 1746 954 1806 validis
983 1747 1171 1822 saepti
1198 1746 1495 1822 degebant
1522 1746 1769 1805 tunibus
1797 1764 2007 1804 aevom

512 1849 572 1897 et
599 1838 782 1897 divisa
809 1837 1112 1896 colebatur
1139 1836 1510 1911 discretaque
1539 1837 1726 1909 telluS,

380 1999 385 2003 ,
452 1956 459 1961 ·
516 1931 630 1988 iam
661 1947 818 1986 mare
847 1928 1105 1987 velivolis
1133 1928 1376 1986 florebat
1405 1927 1700 2003 puppibus
1721 1948 1739 2001 3
1781 1928 1954 1987 urbes

424 2083 436 2089 ⁵
512 2020 723 2078 auxilia
749 2037 818 2077 ac
851 2020 1045 2078 socios
1074 2018 1191 2077 iam
1217 2028 1395 2093 pacto
1426 2018 1664 2076 foedere
1694 2012 2009 2091 habebant,

512 2110 865 2169 carminibus
893 2127 1030 2167 cum
1057 2128 1150 2169 res
1178 2118 1369 2184 gestas
1399 2127 1654 2184 coepere
1682 2119 1898 2184 poetae

512 2199 736 2259 tradere
759 2220 778 2273 3
820 2218 934 2258 nec
962 2200 1148 2258 multo
1175 2200 1323 2274 priu’
1354 2209 1494 2257 sunt
1523 2200 1816 2257 elementa
1842 2209 2090 2275 reperta.

511 2300 823 2367 propterea
850 2289 994 2365 quid
1022 2291 1095 2349 sit
1121 2290 1282 2365 prius
1310 2300 1508 2348 actum
1536 2291 1830 2366 respicere
1858 2301 2016 2349 aetas

512 2392 711 2440 nostra
736 2382 957 2456 nequit,
987 2380 1098 2439 nisi
1125 2398 1243 2456 qua
1269 2382 1417 2439 ratio
1446 2381 1687 2457 vestigia
1715 2390 2016 2439 monstrat.

596 2472 843 2547 Navigia
869 2481 1044 2546 atque
1074 2470 1194 2547 agri
1222 2471 1475 2529 culturas
1503 2471 1741 2529 moenia
1768 2471 1927 2549 leges

512 2581 672 2620 arma
697 2562 817 2619 vias
844 2570 1035 2619 vestes
1064 2570 1124 2619 et
1154 2570 1349 2619 cetera
1375 2560 1455 2619 de
1483 2579 1699 2637 genere
1728 2560 1956 2636 horum,

512 2656 787 2730 praemia,
816 2654 1057 2713 delicias
1085 2672 1323 2729 quoque
1350 2654 1502 2712 vitae
1532 2654 1791 2713 funditus
1819 2655 2029 2727 omniS‚

512 2746 769 2803 carmina
797 2746 1068 2819 picturaS,
1097 2754 1158 2803 et
1185 2743 1434 2802 daedala
1461 2745 1629 2820 signa
1654 2746 1859 2820 polire,

512 2855 648 2894 usus
678 2845 737 2893 et
765 2836 1042 2911 impigrae
1072 2835 1243 2893 simul
1270 2836 1631 2910 experientia
1658 2836 1873 2894 mentis

512 2926 790 3001 paulatim
818 2925 1021 2983 docuit
1047 2925 1433 3000 pedetemtim
1461 2926 1907 3002 progredientis,

514 3018 595 3075 sic
625 3016 1095 3091 unumquicquid
1123 3017 1401 3091 paulatim
1430 3016 1713 3090 protrahit
1740 3027 1900 3075 aetas

513 3109 573 3165 in
601 3107 862 3165 medium
890 3108 1153 3180 ratioque
1183 3107 1241 3163 in
1269 3107 1502 3164 luminis
1532 3107 1699 3181 erigit
1727 3125 1875 3165 oraS.

514 3217 769 3274 namque
798 3196 914 3256 alid
942 3216 1017 3254 ex
1044 3197 1158 3254 alio
1186 3198 1505 3254 clarescere
1537 3206 1596 3254 et
1625 3196 1832 3255 ordine
1863 3197 2044 3255 debet

515 3291 747 3363 artibus,
778 3288 855 3348 ad
883 3306 1177 3347 summurn
1206 3286 1402 3345 donec
1431 3305 1646 3345 venere
1675 3306 1980 3346 cacumen.

2225 316 2327 386 [V.

2207 858 2331 910 1430

2205 1308 2325 1364 ι435

2206 1765 2329 1814 1440

2206 2215 2327 2271 Ῑ445

2204 2671 2330 2727 ¹450

2206 3124 2326 3180 Ῑ455
