2784 3992
476 318 621 389 ΙΙΙ.]
954 321 1065 373 DE
1118 322 1412 375 RERUM
1467 322 1812 375 NATURA

470 479 602 538 aere
631 481 732 555 qui
759 480 966 539 credas
995 499 1169 556 posse
1198 482 1350 539 hanc
1380 482 1709 541 cohiberier
1735 483 1900 542 ullo?

468 588 714 646 corpore
744 573 845 646 qui
872 581 1074 631 nostro
1101 591 1258 631 rarus
1286 574 1470 648 magis
1498 574 1545 630 is
1575 573 1935 632 cohibessit?

552 664 856 721 Praeterea
883 664 1043 738 gigni
1072 664 1284 738 pariter
1311 682 1450 721 curn
1478 682 1728 739 corpore
1757 675 1816 722 et
1844 684 1964 723 una

469 771 730 811 crescere
761 754 1043 811 sentimus
1071 755 1402 828 pariterque
1431 772 1740 812 senescere
1771 766 2056 815 mentem.

468 861 604 901 nam
632 843 789 901 velut
817 844 1049 901 infirmo
1078 846 1243 919 pueri
1273 856 1596 919 teneroque
1625 856 1909 920 vagantur

467 951 735 1009 corpore,
764 934 851 991 sic
878 934 1058 992 animi
1086 935 1346 1010 sequitur
1372 936 1663 993 sententia
1689 937 1892 995 tenvis,

466 1024 604 1082 inde
633 1025 734 1082 ubi
762 1025 1015 1084 robustis
1042 1024 1301 1083 adolevit
1326 1026 1541 1083 viribus
1569 1036 1749 1099 aetaS,

466 1115 771 1173 consilium
803 1133 1041 1190 quoque
1070 1116 1257 1174 maius
1286 1125 1346 1173 et
1373 1116 1600 1174 auctior
1628 1126 1716 1174 est
1745 1117 1926 1173 animi
1955 1118 2054 1175 vis.

466 1214 600 1281 post
627 1206 729 1264 ubi
756 1206 873 1263 iam
899 1206 1105 1264 validis
1134 1216 1471 1282 quassatum
1503 1215 1592 1265 est
1619 1207 1835 1265 viribus
1863 1208 1994 1265 aevi

466 1313 679 1371 corpus
708 1305 769 1355 et
795 1297 1017 1355 obtusis
1046 1297 1388 1355 ceciderunt
1415 1298 1630 1355 viribus
1659 1307 1833 1368 artuS,

466 1386 758 1445 claudicat
786 1388 1103 1463 ingenium,
1135 1387 1342 1447 delirat
1367 1388 1582 1463 lingua,
1612 1388 1768 1446 labat
1797 1406 1986 1461 menS,

466 1478 662 1536 omnia
692 1477 977 1536 deficiunt
1004 1488 1180 1553 atque
1210 1497 1329 1536 uno
1359 1489 1626 1553 tempore
1657 1477 1889 1537 desunt.

467 1585 604 1644 ergo
633 1567 873 1627 dissolui
903 1588 1144 1645 quoque
1173 1570 1452 1627 convenit
1483 1588 1724 1627 omnem
1754 1570 1972 1635 animai

466 1668 749 1730 naturam,
781 1678 890 1717 ceu
921 1661 1133 1731 summ,
1164 1661 1225 1718 in
1252 1661 1395 1718 altas
1424 1660 1570 1718 aeris
1599 1679 1767 1719 auras
1790 1682 1808 1733 3

466 1750 950 1825 quandoquidem
978 1752 1135 1827 gigni
1164 1752 1379 1827 pan‘ter
1407 1752 1739 1826 pariterque
1768 1750 2040 1810 videmus

465 1860 727 1899 crescere
758 1851 833 1913 et,
864 1852 929 1900 ut
957 1842 1153 1914 docui,
1184 1843 1354 1900 simul
1381 1860 1528 1899 aevo
1559 1842 1712 1901 fessa
1739 1842 1942 1900 fatisci.

545 1934 689 1991 Huc
718 1931 951 1990 accedit
978 1933 1061 1990 uti
1088 1932 1414 2005 videamus,
1445 1950 1660 2008 corpus
1690 1942 1754 1991 ut
1782 1933 1975 2007 ipsum

463 2024 757 2098 suscipere
787 2023 1035 2081 inmanis
1064 2024 1303 2081 morbos
1333 2023 1666 2097 durumque
1697 2016 1983 2095 dolorem,

464 2115 544 2172 sic
572 2115 836 2171 animum
865 2132 1033 2172 curas
1061 2114 1210 2171 acris
1239 2115 1582 2188 luctumque
1612 2124 1959 2189 metumque
1979 2134 1997 2187 3

462 2222 639 2280 quare
668 2204 1014 2279 participem
1042 2204 1143 2263 leti
1171 2222 1411 2280 quoque
1442 2206 1719 2263 convenit
1749 2223 1896 2265 esse.

462 2296 603 2373 quin
631 2295 808 2354 etiam
836 2295 1055 2353 morbis
1082 2296 1145 2353 in
1167 2296 1433 2371 corporis
1462 2297 1624 2355 avius
1652 2304 1802 2354 errat

461 2405 637 2463 saepe
666 2386 895 2444 animus
916 2406 935 2459 3
978 2385 1268 2444 dementit
1296 2387 1457 2445 enim
1485 2386 1784 2461 deliraque
1813 2386 1964 2444 fatur

460 2477 875 2552 interdumque
903 2476 1061 2553 gravi
1088 2477 1353 2554 lethargo
1383 2479 1561 2536 fertur
1587 2477 1648 2535 in
1675 2477 1857 2535 altum

460 2580 888 2644 aeternumque
916 2586 1192 2644 soporem
1223 2570 1408 2627 oculis
1438 2578 1700 2643 nutuque
1731 2567 1984 2642 cadenti,

458 2660 621 2719 unde
650 2656 849 2735 neque
880 2659 1119 2719 exaudit
1144 2678 1322 2719 voces
1351 2678 1464 2717 nec
1493 2676 1738 2718 noscere
1767 2659 1959 2717 voltus

459 2752 688 2810 illorum
718 2752 875 2826 potis
906 2762 1011 2824 est,
1043 2753 1120 2814 ad
1147 2753 1327 2810 vitam
1356 2751 1459 2826 qui
1487 2759 1832 2808 revocantes

460 2843 841 2900 circumstant
868 2842 1115 2901 lacrimis
1145 2852 1406 2901 rorantes
1435 2860 1536 2899 ora
1563 2858 1878 2916 genasque.

462 2951 639 3008 quare
670 2933 934 2990 animum
964 2952 1201 3007 quoque
1232 2933 1474 3005 dissolui
1502 2934 1714 2991 fateare
1744 2940 2058 3002 necessest,

463 3022 946 3098 quandoquidem
978 3034 1284 3098 penetrant
1315 3026 1372 3081 in
1405 3042 1540 3081 eum
1572 3023 1844 3098 contagia
1871 3022 2059 3080 morbi
2080 3042 2098 3094 3

462 3132 600 3172 nam
631 3114 804 3172 dolor
831 3132 900 3170 ac
930 3115 1165 3172 morbus
1198 3114 1294 3171 leti
1326 3114 1636 3172 fabricator
1667 3121 1983 3187 uterquest,

463 3206 779 3264 multorum
808 3205 985 3262 exitio
1012 3205 1281 3279 perdocti
1311 3204 1476 3279 quod
1505 3224 1706 3264 sumus
1735 3214 1888 3263 ante.

465 3296 719 3371 denique
748 3314 917 3370 quor,
949 3295 1251 3353 hominem
1282 3315 1420 3353 cum
1451 3296 1568 3354 vini
1597 3298 1682 3355 vis
1710 3293 2030 3372 penetravit

463 3388 609 3445 acris
638 3395 698 3445 et
726 3386 787 3444 in
815 3404 992 3444 venas
1020 3385 1286 3445 discessit
1314 3386 1535 3447 diditus
1563 3387 1752 3457 ardor,

464 3476 842 3553 consequitur
868 3477 1113 3553 gravitas
1143 3478 1560 3550 membrorum,
1591 3473 2049 3552 praepediuntur

464 3586 629 3626 crura
655 3568 965 3641 vacillanti,
996 3568 1276 3628 tardescit
1304 3570 1520 3646 lingua,
1549 3566 1750 3625 madet
1778 3582 1964 3636 mens,

1354 3666 1388 3717 6

2203 313 2276 375 81

2186 684 2282 737 445

2182 1136 2284 1188 450

2181 2952 2274 2998 470

2179 3298 2274 3357 476
