2784 3992
477 344 555 417 1.]
953 347 1062 399 DE
1114 346 1407 400 RERUM
1465 347 1806 400 NATURA
1980 355 1987 359 ·
2197 349 2275 413 23

469 515 646 580 atque
676 506 736 563 in
765 523 864 563 eas
891 523 1114 563 rursum
1142 523 1234 564 res
1263 506 1463 564 omnia
1490 505 1902 579 dissoluuntur,

470 597 570 670 qui
599 597 780 670 magis
808 596 902 653 illa
931 606 1152 670 queunt
1178 615 1370 653 rerum
1401 596 1719 672 primordia
1746 595 1866 654 dici
2186 605 2276 669 765

470 705 646 761 quam
669 697 875 744 contra
903 705 992 744 res
1023 687 1246 745 illorum
1276 697 1547 760 retroque
1577 688 1765 761 putari
1782 689 1809 744 ?

470 778 704 835 alternis
731 777 1045 852 gignuntur
1073 778 1230 835 enim
1259 787 1605 852 mutantque
1634 779 1894 838 colorem

469 877 529 925 et
555 877 737 926 totam
766 869 919 925 inter
945 886 1006 926 se
1036 878 1299 925 naturam
1328 878 1596 943 tempore
1625 870 1700 927 ab
1728 871 1908 929 omni.

447 959 555 1016 'sin
585 959 664 1016 ita
690 959 835 1016 sorte
864 968 1033 1032 putas
1062 959 1208 1033 ignis
1238 968 1540 1032 terraeque
1570 961 1726 1018 coire
2184 984 2277 1031 770

469 1066 680 1123 corpus
710 1058 768 1106 et
797 1049 978 1106 acrias
1009 1067 1174 1106 auras
1202 1067 1515 1123 roremque
1544 1051 1797 1126 liquoriS,

466 1140 546 1198 nil
574 1141 635 1197 in
663 1139 915 1198 concilio
943 1148 1207 1210 naturam
1235 1148 1301 1197 ut
1327 1150 1517 1200 mutet
1543 1160 1765 1215 eorum,

464 1231 622 1288 nulla
647 1230 750 1288 tibi
779 1248 852 1287 ex
881 1230 986 1288 illis
1015 1231 1229 1306 poterit
1255 1249 1348 1290 res
1377 1249 1505 1291 esse
1535 1244 1746 1306 creata,

464 1339 588 1379 non
616 1321 896 1394 animanS,
928 1339 1050 1379 non
1072 1322 1344 1382 exanimo
1373 1342 1511 1382 cum
1528 1329 1806 1400 corpore,
1837 1334 1901 1383 ut
1928 1325 2099 1384 arbos
2119 1346 2138 1397 3

463 1413 686 1488 quippe
715 1431 882 1471 suam
911 1412 1165 1487 quicque
1196 1414 1256 1472 in
1285 1425 1461 1473 coetu
1489 1416 1759 1473 variantis
1788 1416 1978 1474 acervi
2182 1435 2241 1483 77
2246 1436 2273 1486 5

463 1513 729 1561 naturam
758 1501 1034 1560 ostendet
1061 1504 1389 1580 mixtusque
1419 1505 1711 1564 videbitur
1736 1506 1835 1564 aer

463 1613 602 1652 cum
633 1603 784 1651 terra
809 1593 982 1651 simul
1007 1603 1184 1669 atque
1212 1595 1384 1653 ardor
1412 1614 1547 1654 cum
1575 1614 1705 1654 rore
1734 1614 1989 1656 manere.

462 1695 523 1743 at
551 1683 872 1760 primordia
898 1685 1207 1760 gignundis
1235 1686 1296 1743 in
1322 1686 1497 1743 rebus
1525 1696 1758 1761 oportet

462 1784 729 1833 naturam
759 1775 1180 1834 clandestinam
1209 1795 1568 1852 caecamque
1598 1777 1897 1849 adhibere,

463 1867 722 1944 emineat
748 1866 968 1942 nequid
998 1866 1162 1941 quod
1191 1877 1394 1925 contra
1423 1877 1644 1942 pugnet
1672 1878 1732 1925 et
1758 1869 1952 1926 obstet
2184 1876 2277 1935 780

463 1959 779 2033 quominus
809 1976 934 2016 esse
963 1967 1140 2032 queat
1167 1959 1400 2033 proprie
1430 1958 1849 2033 quodcumque
1880 1968 2123 2018 creatur.

547 2049 709 2123 Quin
738 2049 912 2106 etiam
939 2057 1212 2124 repetunt
1239 2067 1276 2106 a
1301 2047 1468 2106 caelo
1498 2059 1673 2122 atque
1704 2049 1933 2123 ignibus
1964 2050 2085 2107 eius

464 2149 525 2197 et
549 2141 802 2215 primum
829 2139 1049 2197 faciunt
1074 2140 1270 2214 ignem
1298 2158 1361 2197 se
1389 2149 1611 2196 vertere
1641 2139 1701 2196 in
1729 2159 1895 2198 auras

463 2231 629 2302 aeri5‚
660 2231 799 2288 hinc
823 2231 1070 2288 imbrem
1099 2231 1256 2305 gigni
1284 2239 1611 2303 terramque
1642 2231 1823 2288 creari

463 2340 538 2379 ex
565 2321 736 2379 imbri
761 2330 1034 2394 retroque
1063 2339 1100 2376 a
1127 2329 1276 2378 terra
1304 2329 1519 2377 cuncta
1545 2321 1773 2391 reverti,
2182 2330 2272 2392 785

463 2430 730 2470 umorem
759 2411 1030 2486 primum,
1061 2420 1196 2486 post
1223 2411 1372 2480 aera,
1405 2410 1623 2468 deinde
1653 2412 1928 2483 calorem,

462 2521 575 2560 nec
605 2519 830 2560 cessare
861 2501 1008 2559 haec
1035 2502 1188 2560 inter
1215 2519 1278 2558 se
1301 2511 1543 2572 mutare,
1575 2519 1769 2559 meare

462 2613 498 2651 a
526 2593 693 2651 caelo
722 2591 800 2650 ad
828 2602 1054 2663 terram,
1086 2583 1162 2650 de
1191 2601 1342 2650 terra
1368 2591 1447 2649 ad
1477 2591 1667 2650 sidera
1695 2591 1921 2650 mundi.

463 2682 628 2759 quod
657 2684 846 2741 facere
876 2682 1034 2741 haud
1062 2683 1179 2741 ullo
1208 2682 1429 2741 debent
1456 2682 1775 2757 primordia
1802 2693 1979 2757 pacto
2000 2705 2018 2758 3

463 2773 823 2832 immutabile
851 2773 1010 2831 enim
1041 2772 1321 2848 quiddam
1351 2791 1622 2848 superare
1652 2784 1969 2846 necessest,
2182 2796 2279 2847 790

461 2883 536 2923 ne
564 2883 659 2922 res
687 2863 765 2922 ad
794 2864 976 2922 nilum
1004 2863 1336 2941 redigantur
1362 2863 1624 2921 funditus
1653 2882 1879 2922 omneS.

462 2975 600 3014 nam
631 2954 1051 3029 quodcumque
1080 2954 1196 3012 suis
1225 2964 1512 3011 mutatum
1543 2955 1755 3012 finibus
1785 2956 1921 3027 exit,

464 3047 748 3104 continuo
776 3045 892 3103 hoc
920 3063 1076 3102 mors
1103 3054 1193 3103 est
1221 3045 1368 3102 illius
1397 3044 1561 3119 quod
1590 3045 1696 3102 fuit
1722 3055 1872 3102 ante.

464 3145 824 3212 quapropter
849 3136 1128 3209 quoniam
1158 3153 1308 3210 quae
1337 3137 1514 3210 paulo
1544 3136 1795 3193 diximus
1824 3145 1959 3193 ante

466 3227 525 3286 in
553 3235 985 3285 commutatum
1013 3227 1272 3296 veniunt,
1304 3235 1571 3284 constare
1600 3236 1897 3284 necessest
2185 3246 2276 3299 795

465 3336 538 3376 ex
565 3317 689 3375 aliis
719 3335 808 3388 ea,
832 3333 982 3390 quae
1010 3326 1307 3390 nequeant
1337 3316 1661 3374 convertier
1690 3334 1961 3390 usquam,

465 3427 540 3467 ne
567 3409 673 3467 tibi
700 3425 793 3466 res
820 3406 1064 3464 redeant
1090 3406 1166 3464 ad
1195 3407 1375 3464 nilum
1405 3406 1662 3463 funditus
1691 3424 1916 3466 omnes.

467 3501 605 3576 quin
635 3499 832 3578 potius
859 3498 958 3556 tali
986 3508 1188 3555 natura
1214 3496 1480 3572 praedita
1507 3495 1801 3570 quaedam

465 3611 713 3669 corpora
741 3590 1079 3661 constituaS,
1109 3589 1306 3664 ignem
1335 3587 1382 3645 si
1412 3587 1556 3644 forte
1588 3587 1853 3658 crearint‚
