<?xml version="1.0" encoding="UTF-8"?>
<!DOCTYPE html PUBLIC "-//W3C//DTD XHTML 1.0 Transitional//EN"
    "http://www.w3.org/TR/xhtml1/DTD/xhtml1-transitional.dtd">
<html xmlns="http://www.w3.org/1999/xhtml" xml:lang="en" lang="en">
 <head>
  <title>
</title>
<meta http-equiv="Content-Type" content="text/html;charset=utf-8" />
  <meta name='ocr-system' content='tesseract 3.04.00' />
  <meta name='ocr-capabilities' content='ocr_page ocr_carea ocr_par ocr_line ocrx_word'/>
</head>
<body>
  <div class='ocr_page' id='page_1' title='image "./tlucreticarider06unkngoog_0142.png"; bbox 0 0 2784 3992; ppageno 0'>
   <div class='ocr_carea' id='block_1_1' title="bbox 518 305 2326 417">
    <p class='ocr_par' dir='ltr' id='par_1_1' title="bbox 518 305 2326 417">
     <span class='ocr_line' id='line_1_1' title="bbox 518 305 2326 417; baseline 0.001 -52"><span class='ocrx_word' id='word_1_1' title='bbox 518 305 603 366; x_wconf 90' lang='lat'><strong>80</strong></span> <span class='ocrx_word' id='word_1_2' title='bbox 896 370 933 417; x_wconf 28' lang='grc' dir='ltr'><em>ἢ</em></span> <span class='ocrx_word' id='word_1_3' title='bbox 1178 314 1645 369; x_wconf 78' lang='lat' dir='ltr'><strong>LUCRETms</strong></span> <span class='ocrx_word' id='word_1_4' title='bbox 2178 315 2326 385; x_wconf 90' lang='lat'>[111.</span> 
     </span>
    </p>
   </div>
   <div class='ocr_carea' id='block_1_2' title="bbox 483 473 2364 3637">
    <p class='ocr_par' dir='ltr' id='par_1_2' title="bbox 517 473 2330 1277">
     <span class='ocr_line' id='line_1_2' title="bbox 517 473 1903 550; baseline -0.001 -16"><span class='ocrx_word' id='word_1_5' title='bbox 517 485 598 547; x_wconf 90' lang='lat' dir='ltr'><strong>ut,</strong></span> <span class='ocrx_word' id='word_1_6' title='bbox 627 475 881 535; x_wconf 89' lang='lat' dir='ltr'><strong>lacerato</strong></span> <span class='ocrx_word' id='word_1_7' title='bbox 908 475 1085 535; x_wconf 89' lang='lat' dir='ltr'><strong>oculo</strong></span> <span class='ocrx_word' id='word_1_8' title='bbox 1115 475 1335 533; x_wconf 92' lang='lat' dir='ltr'><strong>circum</strong></span> <span class='ocrx_word' id='word_1_9' title='bbox 1365 475 1414 532; x_wconf 92' lang='lat' dir='ltr'><strong>si</strong></span> <span class='ocrx_word' id='word_1_10' title='bbox 1441 474 1663 550; x_wconf 93' lang='lat' dir='ltr'><strong>pupula</strong></span> <span class='ocrx_word' id='word_1_11' title='bbox 1690 473 1903 533; x_wconf 90' lang='lat' dir='ltr'><strong>mansit</strong></span> 
     </span>
     <span class='ocr_line' id='line_1_3' title="bbox 518 566 1823 640; baseline 0 -16"><span class='ocrx_word' id='word_1_12' title='bbox 518 567 845 639; x_wconf 90' lang='lat' dir='ltr'><strong>incolumis,</strong></span> <span class='ocrx_word' id='word_1_13' title='bbox 875 576 987 625; x_wconf 90' lang='lat' dir='ltr'><strong>stat</strong></span> <span class='ocrx_word' id='word_1_14' title='bbox 1014 566 1300 624; x_wconf 87' lang='lat' dir='ltr'><strong>cernundi</strong></span> <span class='ocrx_word' id='word_1_15' title='bbox 1328 566 1517 623; x_wconf 92' lang='lat' dir='ltr'><strong>vivata</strong></span> <span class='ocrx_word' id='word_1_16' title='bbox 1544 574 1823 640; x_wconf 84' lang='lat' dir='ltr'><strong>potestas,</strong></span> 
     </span>
     <span class='ocr_line' id='line_1_4' title="bbox 517 656 2328 732; baseline -0.003 -16"><span class='ocrx_word' id='word_1_17' title='bbox 517 657 845 716; x_wconf 88' lang='lat' dir='ltr'><strong>dummodo</strong></span> <span class='ocrx_word' id='word_1_18' title='bbox 874 675 951 715; x_wconf 91' lang='lat' dir='ltr'><strong>ne</strong></span> <span class='ocrx_word' id='word_1_19' title='bbox 980 667 1168 715; x_wconf 91' lang='lat' dir='ltr'><strong>totum</strong></span> <span class='ocrx_word' id='word_1_20' title='bbox 1197 675 1539 732; x_wconf 88' lang='lat' dir='ltr'>corrumpas</span> <span class='ocrx_word' id='word_1_21' title='bbox 1568 656 1799 715; x_wconf 91' lang='lat' dir='ltr'><strong>luminis</strong></span> <span class='ocrx_word' id='word_1_22' title='bbox 1826 656 2032 715; x_wconf 89' lang='lat' dir='ltr'><strong>o&#39;rbem</strong></span> <span class='ocrx_word' id='word_1_23' title='bbox 2228 676 2328 724; x_wconf 87' lang='lat'><strong>410</strong></span> 
     </span>
     <span class='ocr_line' id='line_1_5' title="bbox 518 747 1974 822; baseline -0.001 -16"><span class='ocrx_word' id='word_1_24' title='bbox 518 758 579 807; x_wconf 89' lang='lat' dir='ltr'><strong>et</strong></span> <span class='ocrx_word' id='word_1_25' title='bbox 606 749 825 807; x_wconf 89' lang='lat' dir='ltr'><strong>circum</strong></span> <span class='ocrx_word' id='word_1_26' title='bbox 855 747 1068 806; x_wconf 90' lang='lat' dir='ltr'><strong>caedas</strong></span> <span class='ocrx_word' id='word_1_27' title='bbox 1095 748 1282 806; x_wconf 85' lang='lat' dir='ltr'>aciem</span> <span class='ocrx_word' id='word_1_28' title='bbox 1312 749 1616 822; x_wconf 88' lang='lat' dir='ltr'><strong>solamque</strong></span> <span class='ocrx_word' id='word_1_29' title='bbox 1644 747 1936 822; x_wconf 87' lang='lat' dir='ltr'>relinquas</span> <span class='ocrx_word' id='word_1_30' title='bbox 1958 767 1974 820; x_wconf 91' lang='lat'>;</span> 
     </span>
     <span class='ocr_line' id='line_1_6' title="bbox 518 838 2052 914; baseline -0.001 -17"><span class='ocrx_word' id='word_1_31' title='bbox 518 840 581 897; x_wconf 93' lang='lat' dir='ltr'><strong>id</strong></span> <span class='ocrx_word' id='word_1_32' title='bbox 609 858 846 914; x_wconf 89' lang='lat' dir='ltr'><strong>quoque</strong></span> <span class='ocrx_word' id='word_1_33' title='bbox 876 840 1032 897; x_wconf 90' lang='lat' dir='ltr'><strong>enim</strong></span> <span class='ocrx_word' id='word_1_34' title='bbox 1061 840 1184 897; x_wconf 89' lang='lat' dir='ltr'><strong>sine</strong></span> <span class='ocrx_word' id='word_1_35' title='bbox 1214 839 1472 914; x_wconf 89' lang='lat' dir='ltr'><strong>pernicie</strong></span> <span class='ocrx_word' id='word_1_36' title='bbox 1501 857 1623 897; x_wconf 90' lang='lat' dir='ltr'><strong>non</strong></span> <span class='ocrx_word' id='word_1_37' title='bbox 1651 838 1753 896; x_wconf 88' lang='lat' dir='ltr'><strong>fiet</strong></span> <span class='ocrx_word' id='word_1_38' title='bbox 1781 848 1841 897; x_wconf 90' lang='lat' dir='ltr'><strong>et</strong></span> <span class='ocrx_word' id='word_1_39' title='bbox 1869 838 2052 897; x_wconf 89' lang='lat' dir='ltr'><strong>orbei.</strong></span> 
     </span>
     <span class='ocr_line' id='line_1_7' title="bbox 519 929 1959 1005; baseline -0.001 -18"><span class='ocrx_word' id='word_1_40' title='bbox 519 940 577 987; x_wconf 89' lang='lat' dir='ltr'><strong>at</strong></span> <span class='ocrx_word' id='word_1_41' title='bbox 606 930 652 987; x_wconf 90' lang='lat' dir='ltr'><strong>si</strong></span> <span class='ocrx_word' id='word_1_42' title='bbox 680 931 899 988; x_wconf 92' lang='lat' dir='ltr'><strong>tantula</strong></span> <span class='ocrx_word' id='word_1_43' title='bbox 927 948 1059 1005; x_wconf 89' lang='lat' dir='ltr'><strong>pars</strong></span> <span class='ocrx_word' id='word_1_44' title='bbox 1087 930 1243 987; x_wconf 90' lang='lat' dir='ltr'><strong>oculi</strong></span> <span class='ocrx_word' id='word_1_45' title='bbox 1272 929 1470 1000; x_wconf 79' lang='lat' dir='ltr'><strong>media</strong></span> <span class='ocrx_word' id='word_1_46' title='bbox 1497 930 1592 987; x_wconf 93' lang='lat' dir='ltr'><strong>illa</strong></span> <span class='ocrx_word' id='word_1_47' title='bbox 1619 948 1825 1005; x_wconf 90' lang='lat' dir='ltr'><strong>peresa</strong></span> <span class='ocrx_word' id='word_1_48' title='bbox 1853 938 1959 1000; x_wconf 88' lang='lat' dir='ltr'><strong>est,</strong></span> 
     </span>
     <span class='ocr_line' id='line_1_8' title="bbox 519 1020 2037 1095; baseline -0.001 -17"><span class='ocrx_word' id='word_1_49' title='bbox 519 1020 738 1078; x_wconf 90' lang='lat' dir='ltr'><strong>occidit</strong></span> <span class='ocrx_word' id='word_1_50' title='bbox 766 1021 1063 1095; x_wconf 87' lang='lat' dir='ltr'><strong>extemplo</strong></span> <span class='ocrx_word' id='word_1_51' title='bbox 1092 1021 1292 1078; x_wconf 89' lang='lat' dir='ltr'><strong>lumen</strong></span> <span class='ocrx_word' id='word_1_52' title='bbox 1320 1021 1715 1094; x_wconf 89' lang='lat' dir='ltr'><strong>tenebraeque</strong></span> <span class='ocrx_word' id='word_1_53' title='bbox 1745 1028 2037 1091; x_wconf 90' lang='lat' dir='ltr'><strong>secuntur,</strong></span> 
     </span>
     <span class='ocr_line' id='line_1_9' title="bbox 518 1110 2330 1185; baseline -0.002 -16"><span class='ocrx_word' id='word_1_54' title='bbox 518 1112 828 1169; x_wconf 89' lang='lat' dir='ltr'><strong>incolumis</strong></span> <span class='ocrx_word' id='word_1_55' title='bbox 856 1112 1118 1185; x_wconf 87' lang='lat' dir='ltr'><strong>quamvis</strong></span> <span class='ocrx_word' id='word_1_56' title='bbox 1147 1110 1362 1185; x_wconf 89' lang='lat' dir='ltr'><strong>aliquoi</strong></span> <span class='ocrx_word' id='word_1_57' title='bbox 1392 1112 1465 1169; x_wconf 92' lang='lat' dir='ltr'><strong>sit</strong></span> <span class='ocrx_word' id='word_1_58' title='bbox 1493 1110 1835 1185; x_wconf 88' lang='lat' dir='ltr'><strong>splendidus</strong></span> <span class='ocrx_word' id='word_1_59' title='bbox 1862 1110 2036 1169; x_wconf 75' lang='lat' dir='ltr'><strong>orbis,</strong></span> <span class='ocrx_word' id='word_1_60' title='bbox 2235 1128 2330 1181; x_wconf 83' lang='lat'><strong>415</strong></span> 
     </span>
     <span class='ocr_line' id='line_1_10' title="bbox 522 1199 2235 1277; baseline -0.001 -18"><span class='ocrx_word' id='word_1_61' title='bbox 522 1202 637 1259; x_wconf 90' lang='lat' dir='ltr'><strong>hoc</strong></span> <span class='ocrx_word' id='word_1_62' title='bbox 666 1202 858 1259; x_wconf 90' lang='lat' dir='ltr'><strong>anima</strong></span> <span class='ocrx_word' id='word_1_63' title='bbox 887 1212 1062 1276; x_wconf 91' lang='lat' dir='ltr'><strong>atque</strong></span> <span class='ocrx_word' id='word_1_64' title='bbox 1092 1202 1319 1259; x_wconf 88' lang='lat' dir='ltr'><strong>animus</strong></span> <span class='ocrx_word' id='word_1_65' title='bbox 1347 1202 1527 1259; x_wconf 89' lang='lat' dir='ltr'><strong>vincti</strong></span> <span class='ocrx_word' id='word_1_66' title='bbox 1556 1211 1690 1260; x_wconf 90' lang='lat' dir='ltr'><strong>sunt</strong></span> <span class='ocrx_word' id='word_1_67' title='bbox 1717 1199 1956 1259; x_wconf 90' lang='lat' dir='ltr'><strong>foedere</strong></span> <span class='ocrx_word' id='word_1_68' title='bbox 1985 1218 2235 1277; x_wconf 87' lang='lat' dir='ltr'><strong>semper.</strong></span> 
     </span>
    </p>

    <p class='ocr_par' dir='ltr' id='par_1_3' title="bbox 483 1291 2364 3637">
     <span class='ocr_line' id='line_1_11' title="bbox 602 1291 1984 1368; baseline -0.001 -17"><span class='ocrx_word' id='word_1_69' title='bbox 602 1294 659 1351; x_wconf 96' lang='lat' dir='ltr'>N</span> <span class='ocrx_word' id='word_1_70' title='bbox 666 1310 782 1351; x_wconf 91' lang='lat' dir='ltr'><strong>unc</strong></span> <span class='ocrx_word' id='word_1_71' title='bbox 811 1311 938 1368; x_wconf 87' lang='lat' dir='ltr'><strong>age,</strong></span> <span class='ocrx_word' id='word_1_72' title='bbox 967 1292 1191 1350; x_wconf 91' lang='lat' dir='ltr'><strong>nativos</strong></span> <span class='ocrx_word' id='word_1_73' title='bbox 1221 1292 1610 1350; x_wconf 91' lang='lat' dir='ltr'><strong>animantibus</strong></span> <span class='ocrx_word' id='word_1_74' title='bbox 1639 1299 1699 1349; x_wconf 91' lang='lat' dir='ltr'><strong>et</strong></span> <span class='ocrx_word' id='word_1_75' title='bbox 1727 1291 1984 1349; x_wconf 87' lang='lat' dir='ltr'><strong>mortalis</strong></span> 
     </span>
     <span class='ocr_line' id='line_1_12' title="bbox 520 1381 2050 1461; baseline -0.001 -19"><span class='ocrx_word' id='word_1_76' title='bbox 520 1403 647 1443; x_wconf 88' lang='lat' dir='ltr'><strong>esse</strong></span> <span class='ocrx_word' id='word_1_77' title='bbox 676 1384 903 1442; x_wconf 89' lang='lat' dir='ltr'><strong>animos</strong></span> <span class='ocrx_word' id='word_1_78' title='bbox 931 1384 1271 1458; x_wconf 91' lang='lat' dir='ltr'><strong>animasque</strong></span> <span class='ocrx_word' id='word_1_79' title='bbox 1300 1383 1442 1440; x_wconf 89' lang='lat' dir='ltr'><strong>levis</strong></span> <span class='ocrx_word' id='word_1_80' title='bbox 1471 1391 1535 1441; x_wconf 90' lang='lat' dir='ltr'><strong>ut</strong></span> <span class='ocrx_word' id='word_1_81' title='bbox 1563 1400 1810 1461; x_wconf 76' lang='lat' dir='ltr'><strong>noscere</strong></span> <span class='ocrx_word' id='word_1_82' title='bbox 1838 1381 2050 1457; x_wconf 77' lang='lat' dir='ltr'><strong>possiS‚</strong></span> 
     </span>
     <span class='ocr_line' id='line_1_13' title="bbox 521 1472 1768 1550; baseline -0.002 -19"><span class='ocrx_word' id='word_1_83' title='bbox 521 1474 849 1550; x_wconf 90' lang='lat' dir='ltr'><strong>conquisita</strong></span> <span class='ocrx_word' id='word_1_84' title='bbox 877 1473 979 1532; x_wconf 93' lang='lat' dir='ltr'><strong>diu</strong></span> <span class='ocrx_word' id='word_1_85' title='bbox 1009 1473 1283 1547; x_wconf 89' lang='lat' dir='ltr'><strong>dulcique</strong></span> <span class='ocrx_word' id='word_1_86' title='bbox 1312 1482 1542 1547; x_wconf 89' lang='lat' dir='ltr'><strong>reperta</strong></span> <span class='ocrx_word' id='word_1_87' title='bbox 1570 1472 1768 1530; x_wconf 88' lang='lat' dir='ltr'><strong>labore</strong></span> 
     </span>
     <span class='ocr_line' id='line_1_14' title="bbox 522 1564 2335 1640; baseline -0.001 -17"><span class='ocrx_word' id='word_1_88' title='bbox 522 1565 701 1640; x_wconf 90' lang='lat' dir='ltr'><strong>digna</strong></span> <span class='ocrx_word' id='word_1_89' title='bbox 728 1574 826 1623; x_wconf 90' lang='lat' dir='ltr'><strong>tua</strong></span> <span class='ocrx_word' id='word_1_90' title='bbox 853 1582 1091 1640; x_wconf 87' lang='lat' dir='ltr'><strong>pergam</strong></span> <span class='ocrx_word' id='word_1_91' title='bbox 1123 1564 1438 1639; x_wconf 89' lang='lat' dir='ltr'><strong>disponere</strong></span> <span class='ocrx_word' id='word_1_92' title='bbox 1468 1564 1727 1622; x_wconf 91' lang='lat' dir='ltr'><strong>carmina</strong></span> <span class='ocrx_word' id='word_1_93' title='bbox 1755 1580 1911 1621; x_wconf 87' lang='lat' dir='ltr'><strong>cura.</strong></span> <span class='ocrx_word' id='word_1_94' title='bbox 2236 1584 2335 1632; x_wconf 84' lang='lat'><strong>420</strong></span> 
     </span>
     <span class='ocr_line' id='line_1_15' title="bbox 522 1654 2092 1730; baseline -0.002 -16"><span class='ocrx_word' id='word_1_95' title='bbox 522 1665 583 1714; x_wconf 90' lang='lat' dir='ltr'><strong>tu</strong></span> <span class='ocrx_word' id='word_1_96' title='bbox 613 1657 703 1714; x_wconf 87' lang='lat' dir='ltr'><strong>fac</strong></span> <span class='ocrx_word' id='word_1_97' title='bbox 731 1665 1043 1730; x_wconf 89' lang='lat' dir='ltr'><strong>utrumque</strong></span> <span class='ocrx_word' id='word_1_98' title='bbox 1072 1673 1193 1713; x_wconf 89' lang='lat' dir='ltr'><strong>uno</strong></span> <span class='ocrx_word' id='word_1_99' title='bbox 1224 1655 1333 1713; x_wconf 91' lang='lat' dir='ltr'><strong>sub</strong></span> <span class='ocrx_word' id='word_1_100' title='bbox 1363 1656 1566 1729; x_wconf 90' lang='lat' dir='ltr'><strong>iungas</strong></span> <span class='ocrx_word' id='word_1_101' title='bbox 1598 1654 1838 1712; x_wconf 91' lang='lat' dir='ltr'><strong>nomine</strong></span> <span class='ocrx_word' id='word_1_102' title='bbox 1867 1670 2092 1727; x_wconf 90' lang='lat' dir='ltr'><strong>eorum,</strong></span> 
     </span>
     <span class='ocr_line' id='line_1_16' title="bbox 522 1744 2057 1822; baseline -0.001 -19"><span class='ocrx_word' id='word_1_103' title='bbox 522 1756 696 1822; x_wconf 91' lang='lat' dir='ltr'><strong>atque</strong></span> <span class='ocrx_word' id='word_1_104' title='bbox 725 1747 980 1804; x_wconf 89' lang='lat' dir='ltr'><strong>animam</strong></span> <span class='ocrx_word' id='word_1_105' title='bbox 1008 1746 1169 1804; x_wconf 93' lang='lat' dir='ltr'><strong>verbi</strong></span> <span class='ocrx_word' id='word_1_106' title='bbox 1197 1764 1374 1803; x_wconf 91' lang='lat' dir='ltr'><strong>causa</strong></span> <span class='ocrx_word' id='word_1_107' title='bbox 1402 1764 1537 1803; x_wconf 94' lang='lat' dir='ltr'><strong>cum</strong></span> <span class='ocrx_word' id='word_1_108' title='bbox 1569 1744 1764 1803; x_wconf 88' lang='lat' dir='ltr'><strong>dicere</strong></span> <span class='ocrx_word' id='word_1_109' title='bbox 1794 1762 2057 1820; x_wconf 87' lang='lat' dir='ltr'><strong>pergam,</strong></span> 
     </span>
     <span class='ocr_line' id='line_1_17' title="bbox 522 1834 2306 1910; baseline 0.002 -17"><span class='ocrx_word' id='word_1_110' title='bbox 522 1838 823 1894; x_wconf 89' lang='lat' dir='ltr'><strong>mortalem</strong></span> <span class='ocrx_word' id='word_1_111' title='bbox 857 1855 983 1895; x_wconf 89' lang='lat' dir='ltr'><strong>esse</strong></span> <span class='ocrx_word' id='word_1_112' title='bbox 1013 1836 1257 1910; x_wconf 83' lang='lat' dir='ltr'><strong>docenS,</strong></span> <span class='ocrx_word' id='word_1_113' title='bbox 1287 1837 1548 1894; x_wconf 90' lang='lat' dir='ltr'><strong>animum</strong></span> <span class='ocrx_word' id='word_1_114' title='bbox 1579 1853 1818 1910; x_wconf 91' lang='lat' dir='ltr'><strong>quoque</strong></span> <span class='ocrx_word' id='word_1_115' title='bbox 1848 1834 2049 1895; x_wconf 89' lang='lat' dir='ltr'><strong>dicere</strong></span> <span class='ocrx_word' id='word_1_116' title='bbox 2081 1836 2306 1910; x_wconf 87' lang='lat' dir='ltr'><strong>credas,</strong></span> 
     </span>
     <span class='ocr_line' id='line_1_18' title="bbox 522 1927 2128 2003; baseline 0.002 -19"><span class='ocrx_word' id='word_1_117' title='bbox 522 1936 807 2003; x_wconf 91' lang='lat' dir='ltr'><strong>quatenus</strong></span> <span class='ocrx_word' id='word_1_118' title='bbox 837 1937 924 1985; x_wconf 89' lang='lat' dir='ltr'><strong>est</strong></span> <span class='ocrx_word' id='word_1_119' title='bbox 951 1946 1133 1985; x_wconf 90' lang='lat' dir='ltr'><strong>unum</strong></span> <span class='ocrx_word' id='word_1_120' title='bbox 1164 1928 1313 1985; x_wconf 90' lang='lat' dir='ltr'><strong>inter</strong></span> <span class='ocrx_word' id='word_1_121' title='bbox 1340 1945 1403 1985; x_wconf 91' lang='lat' dir='ltr'><strong>se</strong></span> <span class='ocrx_word' id='word_1_122' title='bbox 1432 1927 1869 2000; x_wconf 88' lang='lat' dir='ltr'><strong>coniunctaque</strong></span> <span class='ocrx_word' id='word_1_123' title='bbox 1898 1945 1990 1986; x_wconf 91' lang='lat' dir='ltr'><strong>res</strong></span> <span class='ocrx_word' id='word_1_124' title='bbox 2020 1938 2128 1987; x_wconf 88' lang='lat' dir='ltr'><strong>est.</strong></span> 
     </span>
     <span class='ocr_line' id='line_1_19' title="bbox 522 2017 2332 2094; baseline -0.001 -19"><span class='ocrx_word' id='word_1_125' title='bbox 522 2018 808 2094; x_wconf 90' lang='lat' dir='ltr'><strong>principio</strong></span> <span class='ocrx_word' id='word_1_126' title='bbox 836 2019 1114 2093; x_wconf 92' lang='lat' dir='ltr'><strong>quoniam</strong></span> <span class='ocrx_word' id='word_1_127' title='bbox 1144 2028 1383 2075; x_wconf 89' lang='lat' dir='ltr'><strong>tenuem</strong></span> <span class='ocrx_word' id='word_1_128' title='bbox 1413 2028 1680 2075; x_wconf 88' lang='lat' dir='ltr'><strong>constare</strong></span> <span class='ocrx_word' id='word_1_129' title='bbox 1709 2017 1947 2076; x_wconf 90' lang='lat' dir='ltr'><strong>minutis</strong></span> <span class='ocrx_word' id='word_1_130' title='bbox 2236 2037 2332 2090; x_wconf 83' lang='lat'><strong>425</strong></span> 
     </span>
     <span class='ocr_line' id='line_1_20' title="bbox 522 2107 1910 2185; baseline -0.001 -18"><span class='ocrx_word' id='word_1_131' title='bbox 522 2109 863 2185; x_wconf 90' lang='lat' dir='ltr'><strong>corporibus</strong></span> <span class='ocrx_word' id='word_1_132' title='bbox 891 2107 1069 2166; x_wconf 93' lang='lat' dir='ltr'><strong>docui</strong></span> <span class='ocrx_word' id='word_1_133' title='bbox 1100 2107 1401 2183; x_wconf 90' lang='lat' dir='ltr'><strong>multoque</strong></span> <span class='ocrx_word' id='word_1_134' title='bbox 1431 2108 1752 2165; x_wconf 88' lang='lat' dir='ltr'><strong>minoribus</strong></span> <span class='ocrx_word' id='word_1_135' title='bbox 1783 2125 1910 2165; x_wconf 90' lang='lat' dir='ltr'><strong>esse</strong></span> 
     </span>
     <span class='ocr_line' id='line_1_21' title="bbox 521 2197 1948 2277; baseline -0.003 -18"><span class='ocrx_word' id='word_1_136' title='bbox 521 2200 817 2277; x_wconf 90' lang='lat' dir='ltr'><strong>principiis</strong></span> <span class='ocrx_word' id='word_1_137' title='bbox 846 2200 1058 2257; x_wconf 87' lang='lat' dir='ltr'><strong>factam</strong></span> <span class='ocrx_word' id='word_1_138' title='bbox 1087 2217 1264 2274; x_wconf 91' lang='lat' dir='ltr'><strong>quam</strong></span> <span class='ocrx_word' id='word_1_139' title='bbox 1292 2197 1546 2273; x_wconf 88' lang='lat' dir='ltr'><strong>liquidus</strong></span> <span class='ocrx_word' id='word_1_140' title='bbox 1574 2215 1745 2255; x_wconf 91' lang='lat' dir='ltr'><strong>umor</strong></span> <span class='ocrx_word' id='word_1_141' title='bbox 1772 2198 1948 2272; x_wconf 90' lang='lat' dir='ltr'><strong>aquai</strong></span> 
     </span>
     <span class='ocr_line' id='line_1_22' title="bbox 522 2288 2056 2363; baseline -0.001 -15"><span class='ocrx_word' id='word_1_142' title='bbox 522 2299 621 2348; x_wconf 90' lang='lat' dir='ltr'><strong>aut</strong></span> <span class='ocrx_word' id='word_1_143' title='bbox 648 2291 862 2350; x_wconf 91' lang='lat' dir='ltr'><strong>nebula</strong></span> <span class='ocrx_word' id='word_1_144' title='bbox 888 2298 988 2349; x_wconf 91' lang='lat' dir='ltr'><strong>aut</strong></span> <span class='ocrx_word' id='word_1_145' title='bbox 1016 2290 1207 2347; x_wconf 87' lang='lat' dir='ltr'><strong>fumus</strong></span> <span class='ocrx_word' id='word_1_146' title='bbox 1230 2310 1243 2347; x_wconf 75' lang='grc' dir='ltr'>ε</span> <span class='ocrx_word' id='word_1_147' title='bbox 1264 2322 1346 2331; x_wconf 94' lang='grc'><strong>-</strong></span> <span class='ocrx_word' id='word_1_148' title='bbox 1363 2306 1500 2346; x_wconf 91' lang='lat' dir='ltr'><strong>nam</strong></span> <span class='ocrx_word' id='word_1_149' title='bbox 1527 2288 1703 2363; x_wconf 92' lang='lat' dir='ltr'><strong>longe</strong></span> <span class='ocrx_word' id='word_1_150' title='bbox 1731 2288 2056 2347; x_wconf 83' lang='lat' dir='ltr'><strong>mobilitate</strong></span> 
     </span>
     <span class='ocr_line' id='line_1_23' title="bbox 522 2379 2006 2455; baseline 0 -18"><span class='ocrx_word' id='word_1_151' title='bbox 522 2389 773 2455; x_wconf 88' lang='lat' dir='ltr'><strong>praestat</strong></span> <span class='ocrx_word' id='word_1_152' title='bbox 801 2390 860 2437; x_wconf 89' lang='lat' dir='ltr'><strong>et</strong></span> <span class='ocrx_word' id='word_1_153' title='bbox 887 2399 923 2437; x_wconf 92' lang='lat' dir='ltr'><strong>a</strong></span> <span class='ocrx_word' id='word_1_154' title='bbox 948 2381 1110 2437; x_wconf 89' lang='lat' dir='ltr'><strong>tenui</strong></span> <span class='ocrx_word' id='word_1_155' title='bbox 1138 2398 1314 2438; x_wconf 90' lang='lat' dir='ltr'><strong>causa</strong></span> <span class='ocrx_word' id='word_1_156' title='bbox 1341 2379 1526 2455; x_wconf 90' lang='lat' dir='ltr'><strong>magis</strong></span> <span class='ocrx_word' id='word_1_157' title='bbox 1555 2379 1672 2437; x_wconf 91' lang='lat' dir='ltr'><strong>icta</strong></span> <span class='ocrx_word' id='word_1_158' title='bbox 1699 2387 2006 2452; x_wconf 83' lang='lat' dir='ltr'><strong>movetur3</strong></span> 
     </span>
     <span class='ocr_line' id='line_1_24' title="bbox 524 2470 2334 2545; baseline 0 -17"><span class='ocrx_word' id='word_1_159' title='bbox 524 2470 742 2545; x_wconf 91' lang='lat' dir='ltr'><strong>quippe</strong></span> <span class='ocrx_word' id='word_1_160' title='bbox 770 2470 871 2528; x_wconf 90' lang='lat' dir='ltr'><strong>ubi</strong></span> <span class='ocrx_word' id='word_1_161' title='bbox 899 2470 1244 2545; x_wconf 88' lang='lat' dir='ltr'><strong>imaginibus</strong></span> <span class='ocrx_word' id='word_1_162' title='bbox 1272 2470 1418 2527; x_wconf 88' lang='lat' dir='ltr'><strong>sumi</strong></span> <span class='ocrx_word' id='word_1_163' title='bbox 1445 2470 1816 2544; x_wconf 90' lang='lat' dir='ltr'><strong>nebulaeque</strong></span> <span class='ocrx_word' id='word_1_164' title='bbox 1846 2478 2150 2530; x_wconf 66' lang='lat' dir='ltr'><strong>movetur:</strong></span> <span class='ocrx_word' id='word_1_165' title='bbox 2235 2492 2334 2543; x_wconf 90' lang='lat'><strong>430</strong></span> 
     </span>
     <span class='ocr_line' id='line_1_25' title="bbox 524 2561 2032 2637; baseline 0.001 -18"><span class='ocrx_word' id='word_1_166' title='bbox 524 2561 688 2636; x_wconf 92' lang='lat' dir='ltr'><strong>quod</strong></span> <span class='ocrx_word' id='word_1_167' title='bbox 715 2579 900 2636; x_wconf 91' lang='lat' dir='ltr'><strong>genus</strong></span> <span class='ocrx_word' id='word_1_168' title='bbox 929 2561 990 2618; x_wconf 91' lang='lat' dir='ltr'><strong>in</strong></span> <span class='ocrx_word' id='word_1_169' title='bbox 1017 2564 1236 2619; x_wconf 90' lang='lat' dir='ltr'><strong>somnis</strong></span> <span class='ocrx_word' id='word_1_170' title='bbox 1264 2562 1441 2637; x_wconf 89' lang='lat' dir='ltr'><strong>sopiti</strong></span> <span class='ocrx_word' id='word_1_171' title='bbox 1469 2561 1569 2620; x_wconf 91' lang='lat' dir='ltr'><strong>ubi</strong></span> <span class='ocrx_word' id='word_1_172' title='bbox 1597 2562 1891 2620; x_wconf 92' lang='lat' dir='ltr'><strong>cernimus</strong></span> <span class='ocrx_word' id='word_1_173' title='bbox 1919 2562 2032 2620; x_wconf 90' lang='lat' dir='ltr'><strong>alte</strong></span> 
     </span>
     <span class='ocr_line' id='line_1_26' title="bbox 524 2652 1910 2727; baseline 0 -18"><span class='ocrx_word' id='word_1_174' title='bbox 524 2652 790 2709; x_wconf 85' lang='lat' dir='ltr'><strong>exhalare</strong></span> <span class='ocrx_word' id='word_1_175' title='bbox 818 2669 1097 2727; x_wconf 90' lang='lat' dir='ltr'><strong>vaporem</strong></span> <span class='ocrx_word' id='word_1_176' title='bbox 1125 2652 1321 2710; x_wconf 92' lang='lat' dir='ltr'><strong>altaria</strong></span> <span class='ocrx_word' id='word_1_177' title='bbox 1349 2653 1614 2727; x_wconf 87' lang='lat' dir='ltr'><strong>ferreque</strong></span> <span class='ocrx_word' id='word_1_178' title='bbox 1645 2653 1871 2710; x_wconf 87' lang='lat' dir='ltr'><strong>fumum</strong></span> <span class='ocrx_word' id='word_1_179' title='bbox 1892 2673 1910 2725; x_wconf 81' lang='lat'><em>3</em></span> 
     </span>
     <span class='ocr_line' id='line_1_27' title="bbox 522 2741 2255 2818; baseline 0.002 -18"><span class='ocrx_word' id='word_1_180' title='bbox 522 2761 659 2800; x_wconf 92' lang='lat' dir='ltr'><strong>nam</strong></span> <span class='ocrx_word' id='word_1_181' title='bbox 687 2744 893 2818; x_wconf 93' lang='lat' dir='ltr'><strong>procul</strong></span> <span class='ocrx_word' id='word_1_182' title='bbox 922 2742 1058 2799; x_wconf 90' lang='lat' dir='ltr'><strong>hinc</strong></span> <span class='ocrx_word' id='word_1_183' title='bbox 1087 2741 1267 2801; x_wconf 93' lang='lat' dir='ltr'><strong>dubio</strong></span> <span class='ocrx_word' id='word_1_184' title='bbox 1296 2743 1467 2801; x_wconf 93' lang='lat' dir='ltr'><strong>nobis</strong></span> <span class='ocrx_word' id='word_1_185' title='bbox 1495 2742 1802 2801; x_wconf 91' lang='lat' dir='ltr'><strong>simulacra</strong></span> <span class='ocrx_word' id='word_1_186' title='bbox 1826 2753 2115 2818; x_wconf 90' lang='lat' dir='ltr'><strong>genuntur</strong></span> <span class='ocrx_word' id='word_1_187' title='bbox 2136 2765 2150 2803; x_wconf 76' lang='lat' dir='ltr'><em>z</em></span> <span class='ocrx_word' id='word_1_188' title='bbox 2175 2776 2255 2787; x_wconf 91' lang='lat'>—</span> 
     </span>
     <span class='ocr_line' id='line_1_28' title="bbox 522 2833 1968 2909; baseline 0.001 -19"><span class='ocrx_word' id='word_1_189' title='bbox 522 2852 681 2891; x_wconf 88' lang='lat' dir='ltr'><strong>nunc</strong></span> <span class='ocrx_word' id='word_1_190' title='bbox 708 2834 879 2908; x_wconf 88' lang='lat' dir='ltr'><strong>igitur</strong></span> <span class='ocrx_word' id='word_1_191' title='bbox 907 2833 1184 2908; x_wconf 88' lang='lat' dir='ltr'><strong>quoniam</strong></span> <span class='ocrx_word' id='word_1_192' title='bbox 1215 2834 1498 2908; x_wconf 83' lang='lat' dir='ltr'><strong>quassatis</strong></span> <span class='ocrx_word' id='word_1_193' title='bbox 1525 2833 1789 2909; x_wconf 91' lang='lat' dir='ltr'><strong>undique</strong></span> <span class='ocrx_word' id='word_1_194' title='bbox 1820 2834 1968 2893; x_wconf 86' lang='lat' dir='ltr'><strong>vasis</strong></span> 
     </span>
     <span class='ocr_line' id='line_1_29' title="bbox 523 2924 2327 2995; baseline 0.001 -14"><span class='ocrx_word' id='word_1_195' title='bbox 523 2924 784 2981; x_wconf 86' lang='lat' dir='ltr'><strong>diffluere</strong></span> <span class='ocrx_word' id='word_1_196' title='bbox 814 2942 1078 2982; x_wconf 89' lang='lat' dir='ltr'><strong>umorem</strong></span> <span class='ocrx_word' id='word_1_197' title='bbox 1109 2934 1168 2981; x_wconf 89' lang='lat' dir='ltr'><strong>et</strong></span> <span class='ocrx_word' id='word_1_198' title='bbox 1195 2924 1426 2982; x_wconf 89' lang='lat' dir='ltr'><strong>laticem</strong></span> <span class='ocrx_word' id='word_1_199' title='bbox 1455 2924 1760 2983; x_wconf 88' lang='lat' dir='ltr'><strong>discedere</strong></span> <span class='ocrx_word' id='word_1_200' title='bbox 1789 2925 1978 2983; x_wconf 89' lang='lat' dir='ltr'><strong>cernis</strong></span> <span class='ocrx_word' id='word_1_201' title='bbox 2235 2942 2327 2995; x_wconf 83' lang='lat'><strong>435</strong></span> 
     </span>
     <span class='ocr_line' id='line_1_30' title="bbox 483 3014 2364 3091; baseline 0.002 -19"><span class='ocrx_word' id='word_1_202' title='bbox 483 3085 488 3091; x_wconf 37' lang='grc'><strong>,</strong></span> <span class='ocrx_word' id='word_1_203' title='bbox 523 3027 582 3074; x_wconf 92' lang='lat' dir='ltr'><strong>et</strong></span> <span class='ocrx_word' id='word_1_204' title='bbox 602 3015 817 3073; x_wconf 89' lang='lat' dir='ltr'><strong>nebula</strong></span> <span class='ocrx_word' id='word_1_205' title='bbox 844 3034 915 3072; x_wconf 91' lang='lat' dir='ltr'><strong>ac</strong></span> <span class='ocrx_word' id='word_1_206' title='bbox 944 3016 1135 3072; x_wconf 91' lang='lat' dir='ltr'><strong>fumus</strong></span> <span class='ocrx_word' id='word_1_207' title='bbox 1165 3015 1444 3089; x_wconf 90' lang='lat' dir='ltr'><strong>quoniam</strong></span> <span class='ocrx_word' id='word_1_208' title='bbox 1474 3014 1726 3073; x_wconf 87' lang='lat' dir='ltr'><strong>discedit</strong></span> <span class='ocrx_word' id='word_1_209' title='bbox 1754 3016 1813 3072; x_wconf 92' lang='lat' dir='ltr'><strong>in</strong></span> <span class='ocrx_word' id='word_1_210' title='bbox 1844 3034 2028 3086; x_wconf 77' lang='lat' dir='ltr'><strong>auraS,</strong></span> <span class='ocrx_word' id='word_1_211' title='bbox 2171 3050 2179 3057; x_wconf 93' lang='lat'><strong>·</strong></span> <span class='ocrx_word' id='word_1_212' title='bbox 2353 3044 2364 3075; x_wconf 70' lang='lat' dir='ltr'>x</span> 
     </span>
     <span class='ocr_line' id='line_1_31' title="bbox 522 3104 2076 3181; baseline 0 -17"><span class='ocrx_word' id='word_1_213' title='bbox 522 3105 699 3164; x_wconf 89' lang='lat' dir='ltr'><strong>crede</strong></span> <span class='ocrx_word' id='word_1_214' title='bbox 728 3106 981 3163; x_wconf 92' lang='lat' dir='ltr'><strong>animam</strong></span> <span class='ocrx_word' id='word_1_215' title='bbox 1011 3123 1249 3181; x_wconf 91' lang='lat' dir='ltr'><strong>quoque</strong></span> <span class='ocrx_word' id='word_1_216' title='bbox 1279 3104 1528 3162; x_wconf 90' lang='lat' dir='ltr'><strong>diffundi</strong></span> <span class='ocrx_word' id='word_1_217' title='bbox 1557 3104 1860 3179; x_wconf 88' lang='lat' dir='ltr'><strong>multoque</strong></span> <span class='ocrx_word' id='word_1_218' title='bbox 1889 3106 2076 3181; x_wconf 90' lang='lat' dir='ltr'><strong>perire</strong></span> 
     </span>
     <span class='ocr_line' id='line_1_32' title="bbox 523 3196 1828 3270; baseline -0.001 -16"><span class='ocrx_word' id='word_1_219' title='bbox 523 3197 687 3255; x_wconf 91' lang='lat' dir='ltr'><strong>ocius</strong></span> <span class='ocrx_word' id='word_1_220' title='bbox 716 3205 775 3254; x_wconf 88' lang='lat' dir='ltr'><strong>et</strong></span> <span class='ocrx_word' id='word_1_221' title='bbox 803 3197 971 3254; x_wconf 90' lang='lat' dir='ltr'><strong>citius</strong></span> <span class='ocrx_word' id='word_1_222' title='bbox 1000 3196 1234 3254; x_wconf 90' lang='lat' dir='ltr'><strong>dissolvi</strong></span> <span class='ocrx_word' id='word_1_223' title='bbox 1260 3196 1322 3252; x_wconf 91' lang='lat' dir='ltr'><strong>in</strong></span> <span class='ocrx_word' id='word_1_224' title='bbox 1348 3212 1596 3270; x_wconf 92' lang='lat' dir='ltr'><strong>corpora</strong></span> <span class='ocrx_word' id='word_1_225' title='bbox 1623 3196 1828 3270; x_wconf 90' lang='lat' dir='ltr'><strong>prima,</strong></span> 
     </span>
     <span class='ocr_line' id='line_1_33' title="bbox 523 3286 2060 3345; baseline -0.001 0"><span class='ocrx_word' id='word_1_226' title='bbox 523 3307 660 3345; x_wconf 91' lang='lat' dir='ltr'><strong>cum</strong></span> <span class='ocrx_word' id='word_1_227' title='bbox 688 3287 872 3345; x_wconf 88' lang='lat' dir='ltr'><strong>semel</strong></span> <span class='ocrx_word' id='word_1_228' title='bbox 900 3306 973 3345; x_wconf 87' lang='lat' dir='ltr'><strong>ex</strong></span> <span class='ocrx_word' id='word_1_229' title='bbox 1002 3286 1254 3344; x_wconf 91' lang='lat' dir='ltr'><strong>hominis</strong></span> <span class='ocrx_word' id='word_1_230' title='bbox 1282 3286 1558 3344; x_wconf 90' lang='lat' dir='ltr'><strong>membris</strong></span> <span class='ocrx_word' id='word_1_231' title='bbox 1585 3287 1777 3345; x_wconf 89' lang='lat' dir='ltr'><strong>ablata</strong></span> <span class='ocrx_word' id='word_1_232' title='bbox 1802 3287 2060 3345; x_wconf 87' lang='lat' dir='ltr'><strong>recessit.</strong></span> 
     </span>
     <span class='ocr_line' id='line_1_34' title="bbox 524 3375 2330 3454; baseline -0.002 -17"><span class='ocrx_word' id='word_1_233' title='bbox 524 3379 744 3454; x_wconf 90' lang='lat' dir='ltr'><strong>quippe</strong></span> <span class='ocrx_word' id='word_1_234' title='bbox 773 3378 990 3436; x_wconf 89' lang='lat' dir='ltr'><strong>etenim</strong></span> <span class='ocrx_word' id='word_1_235' title='bbox 1019 3394 1250 3451; x_wconf 80' lang='lat' dir='ltr'><strong>corpuS,</strong></span> <span class='ocrx_word' id='word_1_236' title='bbox 1274 3375 1439 3451; x_wconf 94' lang='lat' dir='ltr'><strong>quod</strong></span> <span class='ocrx_word' id='word_1_237' title='bbox 1465 3395 1566 3435; x_wconf 87' lang='lat' dir='ltr'><strong>vas</strong></span> <span class='ocrx_word' id='word_1_238' title='bbox 1595 3377 1760 3451; x_wconf 92' lang='lat' dir='ltr'><strong>quasi</strong></span> <span class='ocrx_word' id='word_1_239' title='bbox 1789 3378 2047 3435; x_wconf 76' lang='lat' dir='ltr'><strong>constitit</strong></span> <span class='ocrx_word' id='word_1_240' title='bbox 2073 3378 2218 3451; x_wconf 90' lang='lat' dir='ltr'><strong>eius,</strong></span> <span class='ocrx_word' id='word_1_241' title='bbox 2234 3400 2330 3447; x_wconf 83' lang='lat'><strong>440</strong></span> 
     </span>
     <span class='ocr_line' id='line_1_35' title="bbox 525 3467 2137 3545; baseline 0.001 -18"><span class='ocrx_word' id='word_1_242' title='bbox 525 3488 702 3545; x_wconf 89' lang='lat' dir='ltr'><strong>quam</strong></span> <span class='ocrx_word' id='word_1_243' title='bbox 731 3469 1007 3527; x_wconf 89' lang='lat' dir='ltr'><strong>cohibere</strong></span> <span class='ocrx_word' id='word_1_244' title='bbox 1036 3467 1241 3541; x_wconf 90' lang='lat' dir='ltr'><strong>nequit</strong></span> <span class='ocrx_word' id='word_1_245' title='bbox 1268 3478 1725 3542; x_wconf 88' lang='lat' dir='ltr'><strong>conquassatum</strong></span> <span class='ocrx_word' id='word_1_246' title='bbox 1753 3487 1827 3526; x_wconf 87' lang='lat' dir='ltr'><strong>ex</strong></span> <span class='ocrx_word' id='word_1_247' title='bbox 1853 3468 2048 3543; x_wconf 89' lang='lat' dir='ltr'><strong>aliqua</strong></span> <span class='ocrx_word' id='word_1_248' title='bbox 2073 3487 2137 3528; x_wconf 90' lang='lat' dir='ltr'><strong>re</strong></span> 
     </span>
     <span class='ocr_line' id='line_1_36' title="bbox 528 3557 1780 3637; baseline 0 -18"><span class='ocrx_word' id='word_1_249' title='bbox 528 3578 598 3619; x_wconf 88' lang='lat' dir='ltr'><strong>ac</strong></span> <span class='ocrx_word' id='word_1_250' title='bbox 627 3560 968 3617; x_wconf 87' lang='lat' dir='ltr'><strong>rarefactum</strong></span> <span class='ocrx_word' id='word_1_251' title='bbox 997 3557 1263 3617; x_wconf 90' lang='lat' dir='ltr'><strong>detracto</strong></span> <span class='ocrx_word' id='word_1_252' title='bbox 1292 3558 1571 3637; x_wconf 90' lang='lat' dir='ltr'><strong>sanguine</strong></span> <span class='ocrx_word' id='word_1_253' title='bbox 1599 3558 1780 3631; x_wconf 83' lang='lat' dir='ltr'><strong>veniS,</strong></span> 
     </span>
    </p>
   </div>
  </div>
 </body>
</html>
