2784 3992
471 316 604 386 VL]
970 316 1080 367 DE
1121 316 1412 369 RERUM
1470 316 1814 370 NATURA
2160 318 2284 385 207

471 479 801 555 barbigeras
828 479 1081 537 oleaster
1106 496 1180 536 eo
1210 478 1365 535 iuvat
1391 496 1578 553 usque
1608 479 1882 554 capellas,
2183 500 2284 553 970

469 570 665 628 effluat
692 570 1015 628 ambrosius
1044 569 1208 643 quasi
1238 587 1393 640 ver0,
1425 578 1484 627 et
1511 578 1746 628 nectare
1775 570 1990 628 tinctus
2012 590 2030 641 ;

469 681 583 737 qua
609 663 689 721 nil
718 674 805 721 est
834 661 1250 738 homini-quod
1278 662 1516 719 amariu'
1550 662 1818 721 frondeat
1846 681 1998 720 esca.

471 755 727 830 denique
754 755 1153 813 amaracinum
1181 756 1385 830 fugitat
1413 774 1510 813 sus
1539 765 1598 813 et
1626 756 1795 813 timet
1822 774 1998 813 omne

470 856 791 921 ungentum
812 866 829 918 ;
872 844 1019 904 nam*
1040 846 1333 921 saetigeris
1362 847 1542 904 subus
1569 864 1703 903 acre
1731 855 2094 918 venenumst‚

470 936 635 1012 quod
661 955 771 997 nos
801 936 1095 995 interdum
1124 946 1425 1011 tamquam
1454 954 1720 995 recreare
1747 936 1992 995 videtur.
2182 956 2278 1009 975

468 1037 528 1085 at
554 1037 760 1085 contra
786 1027 959 1086 nobis
987 1046 1238 1086 caenum
1266 1027 1598 1086 taeterrima
1625 1046 1761 1085 cum
1791 1028 1864 1085 sit

469 1119 789 1194 spurcitieS,
822 1117 1035 1199 eadem
1064 1118 1242 1177 subus
1272 1118 1419 1176 haec
1449 1118 1710 1176 iucunda
1736 1117 1982 1192 videtur,

468 1209 862 1267 insatiabiliter
888 1210 995 1267 toti
1025 1219 1090 1267 ut
1116 1209 1422 1269 volvantur
1448 1209 1690 1269 ibidem.

550 1301 690 1357 Hoc
720 1300 897 1358 etiam
925 1308 1209 1374 superest,
1239 1300 1365 1374 ipsa
1391 1318 1568 1374 quam
1599 1300 1795 1358 dicere
1825 1299 1902 1358 de
1930 1317 1992 1357 re

467 1389 774 1465 adgredior
801 1390 965 1465 quod
993 1389 1317 1449 dicendum
1346 1390 1513 1466 prius*
1534 1409 1662 1449 esse
1690 1390 1937 1449 videtur.
2180 1398 2282 1463 980

467 1482 646 1538 multa
673 1482 957 1538 foramina
986 1500 1124 1539 cum
1153 1481 1321 1539 variis
1348 1482 1464 1539 sint
1491 1481 1723 1539 reddita
1748 1481 1940 1554 rebuS,

467 1569 728 1629 dissimili
757 1572 909 1629 inter
934 1589 997 1629 se
1028 1581 1233 1629 natura
1260 1570 1527 1647 praedita
1556 1571 1777 1631 debent

469 1680 597 1720 esse
626 1673 686 1720 et
715 1661 930 1721 habere
961 1680 1127 1719 suam
1155 1671 1422 1721 naturam
1453 1680 1724 1738 quaeque
1753 1664 2010 1739 viasque.

466 1754 687 1828 quippe
716 1753 937 1810 etenim
966 1754 1105 1811 varii
1134 1772 1337 1811 sensus
1365 1754 1756 1811 animantibus
1784 1754 1998 1828 insunt,

467 1850 716 1918 quorum
745 1844 990 1918 quisque
1020 1862 1182 1901 suam
1214 1844 1448 1920 proprie
1477 1862 1602 1901 rem
1632 1844 1880 1919 percipit
1907 1844 1968 1902 in
1997 1862 2059 1903 se
2080 1863 2102 1919 3
2179 1852 2276 1918 985

466 1953 603 1992 nam
632 1944 939 2009 penetrare
969 1935 1083 1993 alio
1112 1934 1336 1991 sonitus
1364 1933 1597 2008 alioque
1627 1952 1898 2011 saporem

366 2092 376 2099 ,
465 2026 757 2083 cernimus
786 2044 819 2083 e
850 2026 1020 2096 suciS,
1044 2018 1162 2083 'alio
1192 2023 1412 2083 nidoris
1433 2024 1666 2084 odores.

469 2126 771 2191 praeterea
798 2134 1031 2174 manare
1060 2114 1218 2173 aliud
1248 2134 1352 2190 per
1378 2132 1518 2173 saxa
1544 2115 1791 2189 videtur,
2180 2137 2280 2191 990

465 2216 638 2282 atque
666 2206 825 2265 aliud
854 2208 1039 2282 lignis,
1068 2206 1229 2264 aliud
1262 2208 1500 2264 transire
1531 2224 1636 2281 per
1663 2226 1887 2281 aurum,

464 2307 822 2373 argentoque
851 2298 1000 2357 foras
1030 2296 1189 2355 aliud
1218 2297 1482 2371 vitroque
1515 2315 1728 2356 meare.

466 2407 603 2446 nam
632 2388 811 2447 fluere
840 2388 951 2445 hac
980 2388 1227 2463 species,
1258 2386 1386 2445 illac
1417 2388 1577 2445 calor
1603 2388 1684 2446 ire
1713 2388 1959 2462 videtur,

464 2489 638 2554 atque
668 2479 791 2537 aliis
820 2478 959 2535 aliut
986 2478 1157 2536 citius
1186 2480 1574 2537 transmittere
1605 2478 1838 2537 eadem.

466 2570 690 2627 scilicet
718 2568 780 2625 id
808 2568 933 2625 fieri
961 2568 1119 2643 cogit
1144 2578 1349 2626 natura
1376 2570 1595 2626 viarum
2181 2588 2277 2643 995

468 2658 826 2717 multimodis
855 2659 1099 2729 varians,
1130 2668 1194 2716 ut
1220 2659 1395 2733 paulo
1425 2658 1789 2717 ostendimus
1817 2668 1972 2732 ante,

467 2760 706 2825 propter
734 2748 1074 2807 dissimilem
1105 2758 1370 2807 naturam
1403 2759 1678 2824 textaque
1706 2768 1918 2809 rerum.

546 2841 939 2914 Quapropter,
968 2839 1121 2897 bene
1151 2840 1249 2897 ubi
1280 2839 1431 2896 haec
1459 2840 1804 2897 confirmata
1831 2850 2006 2915 atque
2037 2842 2229 2901 locata

471 2931 669 2989 omnia
697 2930 1060 2988 constiterint
1088 2931 1259 2987 nobis
1290 2940 1603 3005 praeposta
1629 2940 1847 3005 parata,
2079 3004 2082 3008 φ

466 3019 629 3094 quod
658 3030 945 3095 superest,
976 3019 1143 3078 facile
1173 3020 1310 3077 hinc
1340 3022 1488 3079 ratio
1517 3021 1796 3079 reddetur
1824 3032 1883 3079 et
1912 3023 2104 3082 omnis
2155 3045 2281 3081 1000

467 3129 645 3168 causa
672 3110 913 3186 patefiet
941 3128 1093 3184 quae
1122 3111 1252 3168 ferri
1281 3111 1536 3185 pelliciat
1564 3112 1700 3170 vim.

470 3202 757 3275 principio
787 3201 964 3259 fluere
994 3219 1027 3259 e
1056 3200 1251 3275 lapide
1284 3202 1399 3259 hoc
1429 3202 1716 3276 permulta
1743 3213 2042 3263 necessest

469 3294 693 3350 semina
720 3294 839 3351 s’ive
869 3305 1095 3351 aestum
1126 3294 1223 3367 qui
1254 3293 1490 3351 discutit
1518 3296 1652 3352 aera
1680 3295 1880 3371 plagis,

472 3382 616 3441 inter
644 3384 743 3457 qui
774 3383 1031 3458 lapidem
1060 3385 1390 3458 ferrumque
1422 3393 1509 3441 est
1537 3403 1792 3459 cumque
1822 3387 2065 3445 locatus,

470 3472 581 3531 hoc
611 3474 711 3532 ubi
739 3474 991 3532 inanitur
1017 3476 1269 3549 spatium
1300 3475 1632 3548 multusque
1659 3476 1872 3534 vacefit
2157 3494 2279 3550 1005

472 3563 531 3625 in
558 3564 759 3625 medio
786 3565 971 3639 locuS,
1001 3565 1295 3642 extemplo
1324 3565 1644 3640 primordia
1670 3566 1801 3623 ferri
