2784 3992
458 373 471 383 -
509 353 630 415 104
1174 347 1642 401 LUCRETIUS
2185 347 2302 418 [1v

498 522 563 569 ut
591 512 778 570 nubes
808 510 974 569 facile
1004 508 1298 568 interdum
1328 526 1714 567 concrescere
1744 508 1805 565 in
1835 508 1954 567 alto

500 602 791 659 cernimus
821 612 879 659 et
908 600 1113 658 mundi
1142 600 1406 675 speciem
1433 600 1646 657 violare
1677 616 1944 657 serenam

500 693 633 750 aera
662 692 985 749 mulcentes
1016 701 1198 749 motu,
1230 708 1368 747 nam
1399 708 1576 764 saepe
1608 690 1927 764 Gigantum

500 801 603 840 ora
628 783 821 840 volare
851 781 1123 839 videntur
1150 791 1209 838 et
1238 781 1507 839 umbram
1536 779 1751 838 ducere
1781 781 1914 853 late,

499 872 791 930 interdum
823 872 1019 947 magni
1047 881 1277 929 montes
1306 871 1620 945 avolsaque
1649 888 1790 928 saxa
2223 892 2317 939 140

501 963 795 1021 montibus
825 964 1041 1019 anteire
1073 972 1131 1019 et
1161 962 1346 1019 solem
1375 960 1693 1019 succedere
1723 971 1968 1036 praeter,

501 1053 639 1111 inde
667 1054 810 1111 alios
838 1052 1062 1110 trahere
1092 1062 1268 1127 atque
1299 1051 1582 1109 inducere
1611 1052 1785 1110 belua
1812 1050 2100 1129 nimbos]

583 1145 761 1201 Nunc
792 1161 862 1200 ea
891 1160 1067 1217 quam
1096 1143 1248 1200 facili
1278 1153 1337 1200 et
1365 1143 1541 1200 celeri
1570 1143 1794 1200 ratione
1823 1153 2111 1217 genantur

500 1243 904 1310 perpetuoque
934 1233 1113 1291 fluant
1139 1233 1215 1291 ab
1242 1233 1417 1291 rebus
1447 1233 1723 1308 lapsaque
1752 1232 1967 1290 cedant

501 1432 735 1490 semper
762 1414 920 1471 enim
947 1432 1242 1472 summum
1272 1411 1557 1487 quicquid
1587 1411 1664 1470 de
1692 1413 1866 1471 rebus
1892 1411 2154 1472 abundat
2227 1431 2319 1485 145

502 1503 667 1579 quod
696 1505 1033 1563 iaculentur.
1064 1513 1124 1562 et
1152 1504 1268 1561 hoc
1296 1504 1436 1561 alias
1467 1522 1602 1560 cum
1633 1504 1897 1578 pervenit
1925 1504 1984 1560 in
2013 1522 2123 1575 τες,

502 1596 723 1667 transit,
752 1603 816 1652 ut
844 1594 905 1651 in
933 1595 1132 1668 primis
1160 1594 1389 1652 vitrum.
1422 1594 1528 1651 sed
1559 1595 1657 1652 ubi
1686 1612 1891 1667 aspera
1919 1612 2058 1651 saxa

504 1696 603 1744 aut
630 1688 692 1743 in
721 1686 1019 1743 materiam
1050 1686 1188 1761 ligni
1216 1685 1499 1760 pervenit,
1532 1686 1611 1743 ibi
1640 1686 1756 1742 iam

479 1776 786 1855 'scinditur
810 1786 875 1833 ut
904 1776 1121 1833 nullum
1152 1776 1525 1833 simulacrum
1555 1774 1802 1833 reddere
1833 1775 2034 1851 possit.

503 1876 563 1925 at
590 1886 725 1924 cum
755 1865 1065 1941 splendida
1093 1884 1243 1939 quae
1274 1876 1545 1923 constant
1574 1876 1828 1940 opposta
1855 1867 2085 1923 fuerunt
2226 1884 2323 1935 ¹50

504 1957 823 2033 densaque,
848 1966 911 2013 ut
940 1957 1000 2014 in
1028 1957 1226 2031 primis
1256 1956 1562 2031 speculum
1593 1967 1697 2027 est,
1721 1956 1801 2014 nil
1829 1956 2040 2014 accidit
2069 1956 2279 2013 horum
2303 1976 2324 2029 3

505 2067 640 2106 nam
668 2066 881 2123 neque,
912 2047 996 2105 uti
1023 2047 1252 2117 vitrum,
1283 2048 1439 2121 potis
1468 2057 1556 2104 est
1583 2047 1841 2117 transire,
1871 2064 2065 2121 neque
2094 2056 2293 2103 autem

504 2139 695 2197 scindi
716 2160 732 2211 ;
777 2156 954 2213 quam
987 2137 1255 2195 meminit
1281 2138 1444 2194 levor
1470 2147 1762 2212 praestare
1793 2138 2053 2195 salutem.

505 2239 859 2305 quapropter
886 2228 952 2285 fit
982 2238 1044 2285 ut
1072 2227 1209 2284 hinc
1238 2227 1410 2285 nobis
1438 2228 1744 2285 simulacra
1772 2226 2122 2286 redundent.

505 2329 564 2377 et
593 2319 853 2393 quamvis
883 2318 1077 2376 subito
1106 2318 1312 2392 quovis
1340 2317 1402 2375 in
1433 2327 1698 2392 tempore
1729 2336 2023 2392 quamque
2229 2335 2322 2389 155

504 2428 627 2467 rem
656 2420 859 2466 contra
886 2409 1189 2483 speculum
1219 2426 1426 2483 ponam,
1457 2418 1700 2483 apparet
1729 2410 1920 2484 imago
1941 2429 1959 2481 ;

504 2511 788 2575 perpetuo
818 2498 994 2556 fluere
1024 2510 1087 2557 ut
1114 2518 1323 2557 noscas
1352 2517 1384 2556 e
1416 2516 1660 2574 corpore
1689 2517 1921 2558 summo

507 2601 759 2648 texturas
788 2607 981 2647 rerum
1010 2590 1199 2647 tenuis
1230 2590 1538 2664 tenuisque
1567 2590 1795 2665 figuraS.

508 2698 645 2755 ergo
676 2680 854 2737 multa
881 2680 1041 2738 brevi
1069 2681 1258 2755 spatio
1289 2680 1595 2738 simulacra
1621 2691 1930 2755 genuntur,

508 2781 570 2828 ut
601 2770 807 2828 merito
838 2770 994 2828 celer
1022 2770 1109 2829 his
1138 2772 1311 2828 rebus
1342 2770 1568 2828 dicatur
1596 2771 1778 2847 origo.
2230 2778 2329 2829 160

508 2872 567 2919 et
596 2861 760 2936 quasi
790 2861 969 2918 multa
996 2861 1157 2919 brevi
1186 2862 1372 2936 spatio
1402 2862 1761 2919 summittere
1791 2861 1970 2920 debet

509 2952 727 3011 lumina
755 2951 841 3008 sol
870 2960 934 3009 ut
961 2961 1248 3026 perpetuo
1280 2952 1392 3009 sint
1422 2952 1620 3009 omnia
1647 2953 1837 3027 plena,

509 3044 592 3101 sic
620 3043 694 3099 ab
722 3042 893 3099 rebus
923 3042 1061 3099 item
1093 3042 1262 3100 simili
1290 3043 1514 3099 ratione
1545 3053 1839 3101 necessest

508 3133 787 3207 temporis
816 3132 875 3189 in
904 3142 1127 3207 puncto
1156 3150 1346 3190 rerum
1376 3132 1682 3191 simulacra
1710 3135 1963 3191 ferantur

510 3224 691 3281 multa
718 3222 908 3282 modis
936 3224 1132 3281 multis
1162 3223 1220 3279 in
1249 3233 1492 3281 cunctas
1520 3224 1781 3299 undique
1810 3225 1986 3299 partis
2011 3246 2027 3297 3
2232 3231 2327 3297 ¹65

510 3313 992 3389 quandoquidem
1023 3314 1322 3388 speculum
1354 3332 1729 3390 quocumque
1759 3315 2111 3373 obvertimus
2140 3314 2278 3386 οτίε,

511 3424 601 3463 res
630 3405 709 3463 ibi
737 3404 1097 3479 respondent
1125 3404 1294 3461 simili
1324 3405 1508 3461 forma
1536 3415 1710 3479 atque
1741 3406 1958 3464 colore.

511 3506 813 3572 praeterea
839 3494 1021 3552 modo
1052 3513 1187 3551 cum
1218 3495 1385 3552 fuerit
1413 3494 1793 3568 liquidissima
1820 3497 1966 3554 caeli

512 3596 847 3663 tempesta-5,
877 3603 1160 3660 perquam
1214 3585 1406 3643 subito
1429 3586 1492 3641 fit
1519 3585 1750 3643 turbida
1777 3586 1972 3658 foede,
