2784 3992
440 326 537 398 v.]
931 329 1041 380 DE
1093 326 1385 381 RERUM
1435 324 1782 378 NATURA
2138 324 2264 390 159

444 494 709 562 tempore
738 506 846 545 cur
872 497 1036 546 certo
1063 494 1318 563 nequeat
1344 504 1723 561 recreareque
1753 487 1970 560 lumen,

446 594 580 635 cum
609 578 749 659 loca
768 579 1065 652 praeteriit
1093 577 1339 635 fiammis
1368 577 1578 635 infesta
1604 596 1710 653 per
1736 596 1924 651 auras,
2167 586 2264 646 760

448 684 595 742 quae
623 668 846 726 faciunt
874 669 1020 743 ignis
1049 667 1411 743 interstingui
1438 677 1616 743 atque
1644 668 1830 743 perire
1846 670 1874 727 ?

448 766 507 814 et
532 776 636 814 cur
661 768 815 816 terra
842 768 1019 834 queat
1046 759 1245 816 lunam
1273 758 1525 833 spoliare
1553 758 1808 817 vicissim

447 846 663 905 lumine
691 858 751 906 et
779 866 1123 923 oppressum
1153 848 1339 906 solem
1367 867 1543 924 super
1571 849 1698 925 ipsa
1723 860 1942 921 tenere,

447 948 742 996 menstrua
768 938 911 997 dum
941 938 1155 1014 rigidas
1184 940 1322 999 coni
1352 940 1670 1014 perlabitur
1695 941 1928 999 umbras
1949 958 1970 1013 ;

447 1035 711 1103 tempore
739 1028 956 1087 eodem
983 1030 1124 1088 aliut
1148 1040 1406 1105 nequeat
1427 1019 1768 1090 succurrere
1795 1031 1967 1089 lunae
2167 1037 2262 1102 765

447 1136 659 1193 corpus
687 1118 780 1177 vel
807 1138 983 1195 supra
1008 1120 1143 1178 solis
1171 1120 1458 1195 perlabier
1483 1122 1707 1199 orbem,

449 1208 616 1282 quod·
638 1208 833 1268 radios
860 1210 1241 1285 interrumpat
1268 1212 1587 1287 lumenque
1615 1213 1918 1289 profusum
1932 1214 1962 1270 ?

450 1307 508 1356 et
534 1308 734 1357 tamen
761 1300 889 1375 ipsa
914 1318 1024 1357 suo
1052 1296 1101 1357 si
1129 1300 1309 1377 fulget
1335 1302 1476 1361 luna
1499 1304 1709 1374 nitore,
1759 1328 1764 1333 ·

447 1407 550 1447 cur
575 1399 828 1464 nequeat
854 1399 1016 1448 certa
1042 1391 1248 1450 mundi
1276 1392 1652 1469 languescere
1679 1403 1862 1469 parte,
2190 1445 2194 1449 ,

448 1480 589 1539 dum
617 1481 751 1538 loca
776 1481 1093 1541 luminibus
1127 1485 1376 1560 propriis
1405 1484 1643 1543 inimica
1668 1503 1774 1560 per
1803 1485 1921 1543 exit
1935 1486 1964 1542 Ρ
2169 1503 2264 1550 770

528 1570 709 1646 Quod
737 1583 1024 1647 superest,
1054 1575 1336 1647 quoniam
1366 1576 1562 1652 magni
1590 1594 1697 1651 per
1723 1576 1954 1633 caerula
1978 1572 2186 1632 mundi

448 1680 564 1737 qua
588 1663 714 1720 fieri
741 1663 1026 1739 quicquid
1053 1676 1256 1740 posset
1282 1667 1505 1724 ratione
1534 1667 1763 1739 resolvi,

448 1754 583 1812 solis
610 1753 697 1811 uti
723 1754 912 1813 varios
941 1774 1146 1814 cursus
1174 1757 1462 1832 lunaeque
1491 1767 1717 1816 meatus

447 1862 691 1903 noscere
719 1863 1030 1920 possemus
1060 1866 1211 1923 quae
1238 1848 1324 1906 vis
1354 1858 1414 1905 et
1443 1867 1619 1906 causa
1647 1848 1845 1919 cieret,
2169 1860 2262 1915 775

446 1954 637 2011 quove
668 1934 855 1994 modo
883 1948 1127 2013 possent
1154 1938 1368 1997 offecto
1398 1938 1614 1996 lumine
1644 1938 1806 1997 obire

447 2035 506 2083 et
530 2043 729 2102 neque
758 2026 1053 2102 opinantis
1083 2028 1335 2087 tenebris
1364 2028 1664 2087 obducere
1694 2038 1890 2100 terras,

447 2134 582 2174 cum
611 2117 780 2191 quasi
810 2119 1087 2176 conivent
1115 2128 1177 2176 et
1205 2127 1410 2193 aperto
1439 2118 1657 2177 lumine
1684 2137 1909 2175 rursum

446 2208 647 2265 omnia
673 2208 986 2266 convisunt
1013 2208 1165 2266 clara
1192 2209 1325 2267 loca
1352 2208 1608 2267 candida
1634 2209 1783 2281 luce,

446 2316 605 2357 nunc
634 2298 819 2357 redeo
848 2299 927 2358 ad
954 2298 1160 2357 mundi
1189 2300 1513 2358 novitatem
1541 2309 1600 2358 et
1628 2300 1823 2358 mollia
1850 2309 2037 2357 terrae
2170 2306 2266 2366 780

446 2408 598 2462 arva,
628 2406 791 2452 nom
814 2390 936 2448 fetu
965 2389 1110 2465 quid
1139 2391 1392 2465 primum
1423 2391 1482 2447 in
1509 2390 1742 2448 luminis
1769 2409 1900 2448 oras

447 2480 649 2538 tollere
680 2489 742 2537 et
769 2479 1001 2538 incertis
1032 2481 1243 2538 crerint
1270 2480 1638 2538 committere
1665 2480 1873 2541 ventis·

529 2570 830 2646 Principio
858 2589 1042 2646 genus
1069 2570 1378 2629 herbarum
1407 2571 1771 2647 viridemque
1799 2571 2050 2628 nitorem

447 2670 599 2718 terra
626 2659 798 2718 dedit
824 2660 1048 2718 circum
1070 2660 1231 2718 collis
1260 2679 1620 2736 camposque
1649 2680 1756 2737 per
1784 2660 1993 2732 omniS,

448 2750 657 2809 florida
684 2751 963 2809 fulserunt
990 2749 1259 2809 viridanti
1286 2761 1452 2827 prata
1479 2751 1696 2824 colore,
2152 2756 2263 2820 785

448 2841 871 2915 arboribusque
902 2840 1160 2899 datumst
1186 2842 1354 2899 variis
1384 2840 1596 2900 exinde
1626 2860 1732 2917 per
1760 2860 1926 2900 auras

450 2930 759 2989 crescendi
786 2949 1065 3007 magnum
1094 2930 1343 2990 inmissis
1372 2942 1670 2990 certamen
1699 2932 1960 2991 habenis.

451 3032 515 3080 ut
540 3022 745 3097 pluma
770 3031 947 3097 atque
974 3022 1076 3097 pili
1105 3022 1356 3097 primum
1385 3032 1702 3098 saetaeque·
1728 3033 1998 3081 creantur

450 3111 885 3188 quadripedum
911 3112 1189 3171 membris
1217 3122 1277 3171 et
1304 3131 1550 3189 corpore
1579 3112 2088 3189 pennipotentum,

448 3203 536 3261 sic
565 3220 720 3260 nova
746 3212 871 3260 tum
898 3204 1065 3261 tellus
1093 3202 1301 3262 herbas
1327 3204 1688 3279 virgultaque
1717 3204 1971 3279 primum
2171 3222 2265 3273 790

446 3293 699 3364 sustulit,
730 3292 867 3351 inde
896 3293 1013 3351 Ioci
1042 3294 1306 3351 mortalia
1334 3294 1527 3351 saecla
1555 3294 1770 3352 creavit

443 3384 635 3443 multa
662 3382 855 3442 modis
883 3384 1075 3442 multis
1103 3384 1260 3442 varia
1284 3384 1508 3442 ratione
1539 3394 1758 3443 coorta.

439 3492 592 3535 nam
620 3491 817 3549 neque
845 3473 922 3532 de
951 3474 1117 3532 caelo
1145 3474 1430 3533 cecidisse
1461 3474 1729 3532 animalia
1757 3481 2004 3549 possunt

439 3583 565 3623 nec
594 3564 886 3622 terrestria
914 3563 989 3621 de
1018 3564 1179 3622 salsis
1207 3566 1393 3622 exisse
1425 3565 1665 3623 lacunis.
